day;timestamp;product;bid_price_1;bid_volume_1;bid_price_2;bid_volume_2;bid_price_3;bid_volume_3;ask_price_1;ask_volume_1;ask_price_2;ask_volume_2;ask_price_3;ask_volume_3;mid_price;profit_and_loss
1;0;BANANAS;4871;9;4870;23;;;4877;23;;;;;4874.0;0.0
1;0;PEARLS;9998;9;9995;23;;;10005;23;;;;;10001.5;0.0
1;100;BANANAS;4875;1;4871;4;4870;22;4877;22;;;;;4876.0;0.0
1;100;PEARLS;10002;1;10000;2;9998;4;10004;1;10005;21;;;10003.0;0.0
1;200;BANANAS;4870;22;;;;;4876;22;;;;;4873.0;0.0
1;200;PEARLS;9996;1;9995;21;;;10004;1;10005;21;;;10000.0;2.0
1;300;BANANAS;4873;1;4868;26;;;4875;26;;;;;4874.0;0.0
1;300;PEARLS;9995;26;;;;;10005;26;;;;;10000.0;5.0
1;400;BANANAS;4870;8;4869;28;;;4871;5;4875;28;;;4870.5;0.0
1;400;PEARLS;9998;8;9996;2;9995;26;10004;2;10005;26;;;10001.0;5.0
1;500;BANANAS;4874;1;4870;8;4869;24;4875;1;4876;23;;;4874.5;5.595703125
1;500;PEARLS;9998;8;9996;1;9995;23;10004;1;10005;23;;;10001.0;5.0
1;600;BANANAS;4868;30;;;;;4875;30;;;;;4871.5;3.21875
1;600;PEARLS;9996;2;9995;28;;;10004;2;10005;28;;;10000.0;5.0
1;700;BANANAS;4868;23;;;;;4869;1;4875;23;;;4868.5;2.66015625
1;700;PEARLS;9996;1;9995;22;;;10004;1;10005;22;;;10000.0;5.0
1;800;PEARLS;9996;1;9995;24;;;10000;3;10004;1;10005;24;9998.0;5.0
1;800;BANANAS;4871;1;4869;1;4868;24;4875;25;;;;;4873.0;7.431640625
1;900;BANANAS;4869;1;4868;20;;;4875;21;;;;;4872.0;6.1875
1;900;PEARLS;9996;1;9995;20;;;9998;11;10004;1;10005;20;9997.0;8.0
1;1000;PEARLS;9996;1;9995;30;;;10004;1;10005;30;;;10000.0;30.0
1;1000;BANANAS;4868;31;;;;;4875;31;;;;;4871.5;4.6640625
1;1100;BANANAS;4868;22;;;;;4873;6;4875;22;;;4870.5;5.03515625
1;1100;PEARLS;9996;1;9995;21;;;10002;6;10004;1;10005;21;9999.0;30.0
1;1200;PEARLS;9996;1;9995;22;;;10004;1;10005;22;;;10000.0;30.0
1;1200;BANANAS;4868;22;;;;;4874;1;4875;22;;;4871.0;3.3359375
1;1300;BANANAS;4867;25;;;;;4874;25;;;;;4870.5;1.361328125
1;1300;PEARLS;10002;1;9995;25;;;10005;25;;;;;10003.5;30.0
1;1400;PEARLS;9995;23;;;;;10000;6;10005;23;;;9997.5;32.0
1;1400;BANANAS;4868;23;;;;;4875;23;;;;;4871.5;7.314453125
1;1500;BANANAS;4874;1;4869;21;;;4875;21;;;;;4874.5;7.759765625
1;1500;PEARLS;9996;1;9995;20;;;9998;4;10004;1;10005;20;9997.0;32.0
1;1600;PEARLS;9996;2;9995;28;;;10004;2;10005;28;;;10000.0;40.0
1;1600;BANANAS;4869;2;4868;28;;;4875;30;;;;;4872.0;8.85546875
1;1700;BANANAS;4868;28;;;;;4870;2;4875;28;;;4869.0;7.35546875
1;1700;PEARLS;9995;28;;;;;10005;28;;;;;10000.0;40.0
1;1800;PEARLS;10000;4;9995;23;;;10002;10;10005;23;;;10001.0;40.0
1;1800;BANANAS;4868;23;;;;;4872;10;4874;23;;;4870.0;7.1640625
1;1900;BANANAS;4868;31;;;;;4874;32;;;;;4871.0;7.1484375
1;1900;PEARLS;9996;2;9995;30;;;10004;2;10005;30;;;10000.0;40.0
1;2000;PEARLS;9996;2;9995;21;;;10004;2;10005;21;;;10000.0;40.0
1;2000;BANANAS;4868;23;;;;;4875;23;;;;;4871.5;11.40625
1;2100;BANANAS;4868;28;;;;;4875;28;;;;;4871.5;11.1328125
1;2100;PEARLS;9996;2;9995;26;;;10004;2;10005;26;;;10000.0;40.0
1;2200;PEARLS;9996;1;9995;20;;;9998;4;10004;1;10005;20;9997.0;40.0
1;2200;BANANAS;4868;21;;;;;4875;21;;;;;4871.5;11.5625
1;2300;PEARLS;9996;2;9995;22;;;10004;2;10005;22;;;10000.0;48.0
1;2300;BANANAS;4868;24;;;;;4871;1;4874;2;4875;22;4869.5;8.68359375
1;2400;PEARLS;9996;2;9995;20;;;10004;2;10005;20;;;10000.0;48.0
1;2400;BANANAS;4868;22;;;;;4874;2;4875;20;;;4871.0;7.6015625
1;2500;PEARLS;9998;3;9996;2;9995;21;10004;2;10005;21;;;10001.0;48.0
1;2500;BANANAS;4868;5;4867;21;;;4874;23;;;;;4871.0;6.421875
1;2600;PEARLS;10002;1;9996;1;9995;29;10004;1;10005;29;;;10003.0;48.0
1;2600;BANANAS;4867;30;;;;;4872;4;4874;30;;;4869.5;3.7421875
1;2700;PEARLS;9998;7;9996;2;9995;21;10004;2;10005;21;;;10001.0;50.0
1;2700;BANANAS;4868;7;4867;23;;;4874;23;;;;;4871.0;2.765625
1;2800;PEARLS;9995;27;;;;;10005;27;;;;;10000.0;50.0
1;2800;BANANAS;4868;27;;;;;4875;27;;;;;4871.5;7.9375
1;2900;PEARLS;9996;2;9995;20;;;10004;2;10005;20;;;10000.0;50.0
1;2900;BANANAS;4869;2;4868;20;;;4875;22;;;;;4872.0;12.375
1;3000;BANANAS;4874;1;4869;30;;;4876;30;;;;;4875.0;16.359375
1;3000;PEARLS;9996;1;9995;29;;;10004;1;10005;29;;;10000.0;50.0
1;3100;BANANAS;4870;6;4869;28;;;4875;1;4876;27;;;4872.5;17.14453125
1;3100;PEARLS;9998;5;9996;1;9995;27;10004;1;10005;27;;;10001.0;50.0
1;3200;BANANAS;4869;24;;;;;4876;24;;;;;4872.5;18.5078125
1;3200;PEARLS;10002;2;9995;24;;;10005;24;;;;;10003.5;50.0
1;3300;BANANAS;4869;1;4868;24;;;4875;25;;;;;4872.0;15.21484375
1;3300;PEARLS;10002;1;9996;1;9995;24;10004;1;10005;24;;;10003.0;54.0
1;3400;PEARLS;9998;10;9996;2;9995;27;10004;2;10005;27;;;10001.0;56.0
1;3400;BANANAS;4870;10;4869;29;;;4876;29;;;;;4873.0;19.453125
1;3500;PEARLS;9995;26;;;;;10002;10;10005;26;;;9998.5;56.0
1;3500;BANANAS;4872;4;4869;26;;;4874;10;4876;26;;;4873.0;18.232421875
1;3600;PEARLS;9995;27;;;;;10002;8;10005;27;;;9998.5;56.0
1;3600;BANANAS;4869;27;;;;;4874;8;4876;27;;;4871.5;16.859375
1;3700;PEARLS;9998;3;9995;25;;;10005;25;;;;;10001.5;56.0
1;3700;BANANAS;4870;4;4869;25;;;4876;25;;;;;4873.0;19.23046875
1;3800;PEARLS;9995;24;;;;;10005;24;;;;;10000.0;56.0
1;3800;BANANAS;4869;24;;;;;4876;24;;;;;4872.5;20.40234375
1;3900;PEARLS;9996;2;9995;24;;;10004;2;10005;24;;;10000.0;56.0
1;3900;BANANAS;4870;26;;;;;4876;26;;;;;4873.0;22.31640625
1;4000;PEARLS;10002;1;9996;1;9995;30;10004;1;10005;30;;;10003.0;56.0
1;4000;BANANAS;4870;31;;;;;4871;1;4877;31;;;4870.5;24.830078125
1;4100;PEARLS;10000;5;9996;2;9995;22;10002;4;10004;2;10005;22;10001.0;58.0
1;4100;BANANAS;4870;24;;;;;4875;4;4877;24;;;4872.5;24.5390625
1;4200;PEARLS;10002;5;9996;1;9995;28;10004;1;10005;28;;;10003.0;58.0
1;4200;BANANAS;4870;29;;;;;4876;1;4877;28;;;4873.0;23.248046875
1;4300;PEARLS;9995;26;;;;;10002;8;10005;26;;;9998.5;68.0
1;4300;BANANAS;4869;26;;;;;4874;8;4876;26;;;4871.5;36.32470703125
1;4400;PEARLS;9995;28;;;;;10005;28;;;;;10000.0;68.0
1;4400;BANANAS;4870;28;;;;;4877;28;;;;;4873.5;35.59521484375
1;4500;BANANAS;4871;26;;;;;4877;26;;;;;4874.0;34.94384765625
1;4500;PEARLS;9995;26;;;;;10005;26;;;;;10000.0;68.0
1;4600;BANANAS;4870;21;;;;;4877;21;;;;;4873.5;35.2294921875
1;4600;PEARLS;9995;21;;;;;10005;21;;;;;10000.0;68.0
1;4700;BANANAS;4872;5;4871;26;;;4878;26;;;;;4875.0;34.103515625
1;4700;PEARLS;9998;5;9995;26;;;10005;26;;;;;10001.5;68.0
1;4800;BANANAS;4876;1;4871;23;;;4877;23;;;;;4876.5;34.9609375
1;4800;PEARLS;9996;1;9995;22;;;10004;1;10005;22;;;10000.0;68.0
1;4900;BANANAS;4871;24;;;;;4878;24;;;;;4874.5;36.1884765625
1;4900;PEARLS;9996;2;9995;22;;;10004;2;10005;22;;;10000.0;68.0
1;5000;BANANAS;4872;10;4871;30;;;4878;31;;;;;4875.0;35.404296875
1;5000;PEARLS;9998;9;9996;1;9995;30;10004;1;10005;30;;;10001.0;68.0
1;5100;BANANAS;4871;26;;;;;4878;26;;;;;4874.5;35.974609375
1;5100;PEARLS;9995;26;;;;;10005;26;;;;;10000.0;68.0
1;5200;BANANAS;4872;9;4871;23;;;4878;25;;;;;4875.0;35.2353515625
1;5200;PEARLS;10000;5;9998;7;9996;2;10004;2;10005;23;;;10002.0;68.0
1;5300;PEARLS;9995;22;;;;;9998;12;10005;22;;;9996.5;68.0
1;5300;BANANAS;4872;22;;;;;4879;22;;;;;4875.5;34.5625
1;5400;PEARLS;9995;30;;;;;10005;30;;;;;10000.0;92.0
1;5400;BANANAS;4872;30;;;;;4879;30;;;;;4875.5;34.8427734375
1;5500;BANANAS;4872;29;;;;;4879;29;;;;;4875.5;40.6328125
1;5500;PEARLS;9996;1;9995;28;;;10004;1;10005;28;;;10000.0;95.0
1;5600;BANANAS;4873;2;4872;25;;;4879;25;;;;;4876.0;41.3828125
1;5600;PEARLS;9998;2;9996;2;9995;23;10004;2;10005;23;;;10001.0;101.0
1;5700;PEARLS;9996;1;9995;30;;;10004;1;10005;30;;;10000.0;101.0
1;5700;BANANAS;4877;4;4873;1;4872;30;4879;31;;;;;4878.0;28.9609375
1;5800;PEARLS;9996;2;9995;28;;;10004;2;10005;28;;;10000.0;101.0
1;5800;BANANAS;4872;30;;;;;4875;2;4879;30;;;4873.5;39.40625
1;5900;BANANAS;4872;23;;;;;4878;2;4879;21;;;4875.0;44.5703125
1;5900;PEARLS;9996;2;9995;21;;;10004;2;10005;21;;;10000.0;101.0
1;6000;BANANAS;4872;30;;;;;4877;10;4879;30;;;4874.5;39.4453125
1;6000;PEARLS;9995;30;;;;;10002;10;10005;30;;;9998.5;101.0
1;6100;PEARLS;9996;1;9995;24;;;10004;1;10005;24;;;10000.0;101.0
1;6100;BANANAS;4873;1;4872;24;;;4879;25;;;;;4876.0;32.734375
1;6200;PEARLS;9998;3;9996;1;9995;29;10004;1;10005;29;;;10001.0;101.0
1;6200;BANANAS;4878;1;4874;3;4873;30;4879;1;4880;29;;;4878.5;25.8671875
1;6300;BANANAS;4873;22;;;;;4875;3;4879;22;;;4874.0;30.046875
1;6300;PEARLS;9995;22;;;;;10005;22;;;;;10000.0;101.0
1;6400;BANANAS;4873;24;;;;;4876;2;4878;6;4879;1;4874.5;27.5625
1;6400;PEARLS;9996;1;9995;23;;;10002;6;10004;1;10005;23;9999.0;101.0
1;6500;PEARLS;9995;22;;;;;10005;22;;;;;10000.0;101.0
1;6500;BANANAS;4872;22;;;;;4879;22;;;;;4875.5;33.1640625
1;6600;PEARLS;9996;2;9995;27;;;10004;2;10005;27;;;10000.0;101.0
1;6600;BANANAS;4873;29;;;;;4879;2;4880;27;;;4876.0;26.75
1;6700;PEARLS;9996;1;9995;30;;;10004;1;10005;30;;;10000.0;101.0
1;6700;BANANAS;4873;31;;;;;4879;1;4880;30;;;4876.0;25.5546875
1;6800;PEARLS;10000;5;9996;2;9995;29;10004;2;10005;29;;;10002.0;104.0
1;6800;BANANAS;4873;30;;;;;4879;31;;;;;4876.0;30.96875
1;6900;PEARLS;9996;2;9995;27;;;10004;2;10005;27;;;10000.0;104.0
1;6900;BANANAS;4873;2;4872;27;;;4879;29;;;;;4876.0;33.4765625
1;7000;PEARLS;9996;1;9995;30;;;10004;1;10005;30;;;10000.0;104.0
1;7000;BANANAS;4873;31;;;;;4879;31;;;;;4876.0;30.6328125
1;7100;PEARLS;9996;1;9995;30;;;9998;5;10002;7;10004;1;9997.0;104.0
1;7100;BANANAS;4872;31;;;;;4877;7;4878;1;4879;30;4874.5;45.359375
1;7200;PEARLS;9996;1;9995;22;;;10002;1;10004;1;10005;22;9999.0;114.0
1;7200;BANANAS;4872;23;;;;;4876;2;4878;23;;;4874.0;50.890625
1;7300;PEARLS;9996;1;9995;25;;;10004;1;10005;25;;;10000.0;114.0
1;7300;BANANAS;4872;26;;;;;4879;26;;;;;4875.5;41.2421875
1;7400;BANANAS;4871;22;;;;;4878;22;;;;;4874.5;57.609375
1;7400;PEARLS;10002;1;9995;22;;;10005;22;;;;;10003.5;114.0
1;7500;BANANAS;4871;29;;;;;4878;29;;;;;4874.5;55.15625
1;7500;PEARLS;9995;29;;;;;10005;29;;;;;10000.0;116.0
1;7600;BANANAS;4872;27;;;;;4878;27;;;;;4875.0;49.75
1;7600;PEARLS;10002;1;9995;27;;;10005;27;;;;;10003.5;116.0
1;7700;BANANAS;4871;26;;;;;4876;5;4878;26;;;4873.5;63.546875
1;7700;PEARLS;9996;1;9995;25;;;10002;5;10004;1;10005;25;9999.0;118.0
1;7800;PEARLS;9995;23;;;;;10005;23;;;;;10000.0;118.0
1;7800;BANANAS;4870;23;;;;;4877;23;;;;;4873.5;73.0078125
1;7900;PEARLS;9996;2;9995;22;;;10002;7;10004;2;10005;22;9999.0;118.0
1;7900;BANANAS;4870;24;;;;;4875;7;4876;2;4877;22;4872.5;84.46875
1;8000;PEARLS;10000;3;9996;2;9995;28;10004;2;10005;28;;;10002.0;118.0
1;8000;BANANAS;4875;1;4870;2;4869;28;4876;30;;;;;4875.5;95.765625
1;8100;PEARLS;9995;25;;;;;10005;25;;;;;10000.0;118.0
1;8100;BANANAS;4869;25;;;;;4876;25;;;;;4872.5;98.421875
1;8200;PEARLS;9996;2;9995;25;;;10004;2;10005;25;;;10000.0;118.0
1;8200;BANANAS;4871;4;4869;2;4868;25;4875;27;;;;;4873.0;114.8828125
1;8300;PEARLS;9998;9;9995;28;;;10005;28;;;;;10001.5;118.0
1;8300;BANANAS;4870;9;4869;28;;;4875;28;;;;;4872.5;110.96875
1;8400;PEARLS;9998;5;9995;29;;;10005;29;;;;;10001.5;118.0
1;8400;BANANAS;4870;5;4869;29;;;4875;29;;;;;4872.5;110.609375
1;8500;PEARLS;9996;2;9995;25;;;10004;2;10005;25;;;10000.0;118.0
1;8500;BANANAS;4873;3;4869;27;;;4875;2;4876;25;;;4874.0;107.890625
1;8600;PEARLS;9996;2;9995;27;;;10004;2;10005;27;;;10000.0;118.0
1;8600;BANANAS;4869;2;4868;27;;;4875;29;;;;;4872.0;113.953125
1;8700;PEARLS;9996;2;9995;22;;;10004;2;10005;22;;;10000.0;118.0
1;8700;BANANAS;4873;1;4868;24;;;4874;2;4875;22;;;4873.5;124.09375
1;8800;PEARLS;9996;1;9995;30;;;10004;1;10005;30;;;10000.0;118.0
1;8800;BANANAS;4868;31;;;;;4875;31;;;;;4871.5;123.1640625
1;8900;BANANAS;4868;26;;;;;4875;26;;;;;4871.5;125.859375
1;8900;PEARLS;9995;26;;;;;10005;26;;;;;10000.0;118.0
1;9000;BANANAS;4868;23;;;;;4875;23;;;;;4871.5;126.53125
1;9000;PEARLS;9995;23;;;;;10005;23;;;;;10000.0;118.0
1;9100;BANANAS;4867;22;;;;;4869;5;4874;22;;;4868.0;137.046875
1;9100;PEARLS;9995;22;;;;;9998;1;10005;22;;;9996.5;118.0
1;9200;BANANAS;4867;27;;;;;4874;27;;;;;4870.5;142.8515625
1;9200;PEARLS;9996;2;9995;25;;;10004;2;10005;25;;;10000.0;153.0
1;9300;BANANAS;4868;1;4867;30;;;4873;30;;;;;4870.5;149.5625
1;9300;PEARLS;10002;11;9998;1;9996;1;10004;1;10005;29;;;10003.0;153.0
1;9400;BANANAS;4866;30;;;;;4873;30;;;;;4869.5;156.578125
1;9400;PEARLS;10002;1;9996;2;9995;28;10004;2;10005;28;;;10003.0;175.0
1;9500;BANANAS;4866;26;;;;;4873;26;;;;;4869.5;158.015625
1;9500;PEARLS;10002;1;9996;2;9995;24;10004;2;10005;24;;;10003.0;177.0
1;9600;BANANAS;4866;21;;;;;4871;6;4873;21;;;4868.5;161.15625
1;9600;PEARLS;9996;1;9995;20;;;10002;6;10004;1;10005;20;9999.0;179.0
1;9700;BANANAS;4866;31;;;;;4873;31;;;;;4869.5;161.5546875
1;9700;PEARLS;9996;1;9995;30;;;10000;4;10004;1;10005;30;9998.0;179.0
1;9800;PEARLS;9998;1;9996;2;9995;24;10004;2;10005;24;;;10001.0;179.0
1;9800;BANANAS;4867;1;4866;26;;;4873;26;;;;;4870.0;163.1328125
1;9900;BANANAS;4866;24;;;;;4867;9;4873;24;;;4866.5;165.421875
1;9900;PEARLS;9995;24;;;;;10005;24;;;;;10000.0;179.0
1;10000;PEARLS;9995;27;;;;;10005;27;;;;;10000.0;179.0
1;10000;BANANAS;4866;27;;;;;4873;27;;;;;4869.5;182.0703125
1;10100;BANANAS;4866;21;;;;;4873;21;;;;;4869.5;182.1171875
1;10100;PEARLS;10002;4;9996;1;9995;20;10004;1;10005;20;;;10003.0;179.0
1;10200;PEARLS;9995;20;;;;;10005;20;;;;;10000.0;187.0
1;10200;BANANAS;4866;20;;;;;4873;20;;;;;4869.5;177.9609375
1;10300;BANANAS;4867;25;;;;;4873;25;;;;;4870.0;177.4453125
1;10300;PEARLS;9996;1;9995;24;;;10004;1;10005;24;;;10000.0;187.0
1;10400;PEARLS;9995;25;;;;;10005;25;;;;;10000.0;190.0
1;10400;BANANAS;4866;25;;;;;4873;25;;;;;4869.5;179.046875
1;10500;BANANAS;4866;26;;;;;4873;26;;;;;4869.5;178.671875
1;10500;PEARLS;9995;26;;;;;10005;26;;;;;10000.0;190.0
1;10600;PEARLS;9995;20;;;;;10005;20;;;;;10000.0;190.0
1;10600;BANANAS;4867;20;;;;;4873;20;;;;;4870.0;177.625
1;10700;BANANAS;4866;24;;;;;4873;24;;;;;4869.5;177.94140625
1;10700;PEARLS;9995;24;;;;;9998;3;10005;24;;;9996.5;190.0
1;10800;PEARLS;9995;23;;;;;10002;1;10005;23;;;9998.5;196.0
1;10800;BANANAS;4866;23;;;;;4871;1;4873;23;;;4868.5;179.6640625
1;10900;BANANAS;4866;23;;;;;4873;23;;;;;4869.5;182.609375
1;10900;PEARLS;9996;1;9995;22;;;10000;6;10004;1;10005;22;9998.0;196.0
1;11000;PEARLS;9996;1;9995;26;;;10004;1;10005;26;;;10000.0;196.0
1;11000;BANANAS;4866;27;;;;;4867;9;4873;27;;;4866.5;182.01171875
1;11100;BANANAS;4866;31;;;;;4871;1;4873;31;;;4868.5;205.1259765625
1;11100;PEARLS;9996;1;9995;30;;;10002;1;10004;1;10005;30;9999.0;196.0
1;11200;PEARLS;9996;2;9995;28;;;10004;2;10005;28;;;10000.0;196.0
1;11200;BANANAS;4867;30;;;;;4874;30;;;;;4870.5;203.099609375
1;11300;PEARLS;9996;2;9995;25;;;10002;2;10004;2;10005;25;9999.0;196.0
1;11300;BANANAS;4867;27;;;;;4872;2;4874;27;;;4869.5;203.3291015625
1;11400;PEARLS;9995;30;;;;;10005;30;;;;;10000.0;196.0
1;11400;BANANAS;4867;30;;;;;4874;30;;;;;4870.5;202.97265625
1;11500;PEARLS;9996;1;9995;28;;;10004;1;10005;28;;;10000.0;196.0
1;11500;BANANAS;4868;1;4867;28;;;4874;29;;;;;4871.0;202.625
1;11600;PEARLS;9996;2;9995;22;;;10004;2;10005;22;;;10000.0;196.0
1;11600;BANANAS;4868;24;;;;;4874;2;4875;22;;;4871.0;201.568359375
1;11700;PEARLS;10000;4;9996;2;9995;20;10004;2;10005;20;;;10002.0;196.0
1;11700;BANANAS;4868;22;;;;;4874;22;;;;;4871.0;201.9755859375
1;11800;PEARLS;9998;10;9996;1;9995;21;10004;1;10005;21;;;10001.0;196.0
1;11800;BANANAS;4869;10;4868;22;;;4874;22;;;;;4871.5;201.9208984375
1;11900;BANANAS;4869;1;4868;23;;;4875;23;;;;;4872.0;200.9404296875
1;11900;PEARLS;10002;1;10000;4;9998;1;10004;1;10005;22;;;10003.0;196.0
1;12000;BANANAS;4868;28;;;;;4875;28;;;;;4871.5;200.9755859375
1;12000;PEARLS;9996;1;9995;27;;;10004;1;10005;27;;;10000.0;198.0
1;12100;BANANAS;4868;25;;;;;4874;2;4875;23;;;4871.0;201.5
1;12100;PEARLS;9996;2;9995;23;;;9998;8;10004;2;10005;23;9997.0;198.0
1;12200;BANANAS;4868;25;;;;;4874;2;4875;23;;;4871.0;201.412109375
1;12200;PEARLS;9996;2;9995;23;;;10004;2;10005;23;;;10000.0;214.0
1;12300;PEARLS;9996;1;9995;24;;;10002;3;10004;1;10005;24;9999.0;214.0
1;12300;BANANAS;4868;25;;;;;4873;3;4874;1;4875;24;4870.5;201.3759765625
1;12400;PEARLS;10002;1;9998;5;9995;29;10005;29;;;;;10003.5;214.0
1;12400;BANANAS;4869;5;4868;29;;;4875;29;;;;;4872.0;201.10546875
1;12500;PEARLS;10000;3;9996;1;9995;22;10004;1;10005;22;;;10002.0;216.0
1;12500;BANANAS;4867;23;;;;;4873;1;4874;22;;;4870.0;203.5986328125
1;12600;PEARLS;10000;4;9995;26;;;10005;26;;;;;10002.5;216.0
1;12600;BANANAS;4867;26;;;;;4874;26;;;;;4870.5;203.55078125
1;12700;PEARLS;10002;1;9996;1;9995;27;10004;1;10005;27;;;10003.0;216.0
1;12700;BANANAS;4867;28;;;;;4872;1;4873;1;4874;27;4869.5;203.525390625
1;12800;PEARLS;10000;4;9996;2;9995;28;10002;9;10004;2;10005;28;10001.0;218.0
1;12800;BANANAS;4867;30;;;;;4872;9;4874;30;;;4869.5;202.9443359375
1;12900;PEARLS;9996;2;9995;21;;;10002;4;10004;2;10005;21;9999.0;218.0
1;12900;BANANAS;4867;23;;;;;4872;4;4874;23;;;4869.5;203.12109375
1;13000;PEARLS;9996;2;9995;30;;;10002;2;10004;2;10005;30;9999.0;218.0
1;13000;BANANAS;4867;32;;;;;4872;2;4873;2;4874;30;4869.5;203.7978515625
1;13100;PEARLS;9995;21;;;;;10000;2;10005;21;;;9997.5;218.0
1;13100;BANANAS;4867;21;;;;;4873;21;;;;;4870.0;203.919921875
1;13200;PEARLS;9998;9;9996;2;9995;29;10004;2;10005;29;;;10001.0;218.0
1;13200;BANANAS;4871;1;4867;9;4866;31;4873;31;;;;;4872.0;204.8779296875
1;13300;PEARLS;10002;2;9996;1;9995;22;10004;1;10005;22;;;10003.0;218.0
1;13300;BANANAS;4866;1;4865;22;;;4872;23;;;;;4869.0;206.44921875
1;13400;BANANAS;4865;26;;;;;4872;26;;;;;4868.5;206.7314453125
1;13400;PEARLS;9995;26;;;;;10005;26;;;;;10000.0;222.0
1;13500;BANANAS;4870;5;4866;1;4865;24;4872;25;;;;;4871.0;206.2880859375
1;13500;PEARLS;9996;1;9995;24;;;10004;1;10005;24;;;10000.0;222.0
1;13600;BANANAS;4866;26;;;;;4870;6;4872;26;;;4868.0;206.0556640625
1;13600;PEARLS;9996;2;9995;24;;;10002;6;10004;2;10005;24;9999.0;222.0
1;13700;BANANAS;4870;2;4865;28;;;4872;28;;;;;4871.0;198.46875
1;13700;PEARLS;10002;1;9995;28;;;10005;28;;;;;10003.5;222.0
1;13800;BANANAS;4867;1;4866;23;;;4873;23;;;;;4870.0;201.875
1;13800;PEARLS;9998;1;9995;23;;;10005;23;;;;;10001.5;224.0
1;13900;BANANAS;4866;21;;;;;4873;21;;;;;4869.5;202.396484375
1;13900;PEARLS;9996;1;9995;20;;;10004;1;10005;20;;;10000.0;224.0
1;14000;BANANAS;4868;1;4867;29;;;4873;1;4874;28;;;4870.5;204.703125
1;14000;PEARLS;10002;6;9998;1;9996;1;10004;1;10005;28;;;10003.0;224.0
1;14100;BANANAS;4867;22;;;;;4872;4;4874;22;;;4869.5;205.76171875
1;14100;PEARLS;9996;2;9995;20;;;10002;4;10004;2;10005;20;9999.0;236.0
1;14200;BANANAS;4867;21;;;;;4874;21;;;;;4870.5;205.603515625
1;14200;PEARLS;9995;21;;;;;10005;21;;;;;10000.0;236.0
1;14300;PEARLS;9996;1;9995;21;;;10004;1;10005;21;;;10000.0;236.0
1;14300;BANANAS;4871;2;4867;22;;;4873;1;4874;21;;;4872.0;204.984375
1;14400;PEARLS;10002;4;9996;2;9995;21;10004;2;10005;21;;;10003.0;236.0
1;14400;BANANAS;4867;22;;;;;4873;23;;;;;4870.0;203.99609375
1;14500;BANANAS;4867;1;4866;28;;;4871;10;4873;29;;;4869.0;206.109375
1;14500;PEARLS;9996;1;9995;28;;;10002;10;10004;1;10005;28;9999.0;250.0
1;14600;BANANAS;4866;27;;;;;4867;10;4873;28;;;4866.5;206.078125
1;14600;PEARLS;9996;1;9995;27;;;10004;1;10005;27;;;10000.0;250.0
1;14700;PEARLS;9996;1;9995;23;;;10004;1;10005;23;;;10000.0;250.0
1;14700;BANANAS;4866;1;4865;23;;;4872;24;;;;;4869.0;220.4296875
1;14800;PEARLS;9996;1;9995;30;;;9998;1;10004;1;10005;30;9997.0;250.0
1;14800;BANANAS;4866;31;;;;;4868;4;4872;31;;;4867.0;220.7734375
1;14900;BANANAS;4865;26;;;;;4870;1;4872;26;;;4867.5;217.46875
1;14900;PEARLS;9996;1;9995;25;;;10002;1;10004;1;10005;25;9999.0;252.0
1;15000;BANANAS;4865;26;;;;;4871;2;4872;25;;;4868.0;210.578125
1;15000;PEARLS;9996;2;9995;25;;;10004;2;10005;25;;;10000.0;252.0
1;15100;PEARLS;9996;1;9995;20;;;9998;1;10004;1;10005;20;9997.0;252.0
1;15100;BANANAS;4864;21;;;;;4871;21;;;;;4867.5;198.40625
1;15200;PEARLS;10000;4;9996;2;9995;21;10002;4;10004;2;10005;21;10001.0;254.0
1;15200;BANANAS;4868;3;4864;23;;;4869;4;4871;23;;;4868.5;195.765625
1;15300;BANANAS;4864;24;;;;;4869;7;4870;2;4871;22;4866.5;191.8203125
1;15300;PEARLS;9996;2;9995;22;;;10002;7;10004;2;10005;22;9999.0;254.0
1;15400;BANANAS;4864;30;;;;;4871;30;;;;;4867.5;192.984375
1;15400;PEARLS;9995;30;;;;;10005;30;;;;;10000.0;254.0
1;15500;PEARLS;9995;25;;;;;9998;11;10005;25;;;9996.5;254.0
1;15500;BANANAS;4864;25;;;;;4871;25;;;;;4867.5;198.484375
1;15600;PEARLS;9996;1;9995;22;;;10004;1;10005;22;;;10000.0;276.0
1;15600;BANANAS;4864;23;;;;;4870;1;4871;22;;;4867.0;188.5625
1;15700;PEARLS;9996;2;9995;28;;;10004;2;10005;28;;;10000.0;276.0
1;15700;BANANAS;4864;2;4863;28;;;4870;30;;;;;4867.0;182.5
1;15800;PEARLS;9998;6;9996;2;9995;26;10004;2;10005;26;;;10001.0;276.0
1;15800;BANANAS;4864;6;4863;28;;;4870;28;;;;;4867.0;172.765625
1;15900;PEARLS;9996;1;9995;20;;;10002;8;10004;1;10005;20;9999.0;282.0
1;15900;BANANAS;4864;21;;;;;4868;8;4870;21;;;4866.0;184.8125
1;16000;PEARLS;9996;2;9995;20;;;10004;2;10005;20;;;10000.0;282.0
1;16000;BANANAS;4862;20;;;;;4863;5;4869;22;;;4862.5;163.75
1;16100;PEARLS;9996;1;9995;26;;;10004;1;10005;26;;;10000.0;282.0
1;16100;BANANAS;4863;27;;;;;4869;1;4870;26;;;4866.0;169.140625
1;16200;PEARLS;9995;27;;;;;10002;4;10005;27;;;9998.5;282.0
1;16200;BANANAS;4863;26;;;;;4868;7;4870;27;;;4865.5;170.484375
1;16300;BANANAS;4863;22;;;;;4869;1;4870;21;;;4866.0;172.21875
1;16300;PEARLS;9996;1;9995;21;;;10004;1;10005;21;;;10000.0;282.0
1;16400;BANANAS;4863;27;;;;;4868;6;4870;27;;;4865.5;172.7890625
1;16400;PEARLS;9996;2;9995;25;;;10002;6;10004;2;10005;25;9999.0;288.0
1;16500;BANANAS;4863;22;;;;;4870;22;;;;;4866.5;171.09375
1;16500;PEARLS;9995;22;;;;;10005;22;;;;;10000.0;288.0
1;16600;BANANAS;4862;26;;;;;4869;26;;;;;4865.5;162.6328125
1;16600;PEARLS;9995;26;;;;;10005;26;;;;;10000.0;288.0
1;16700;PEARLS;10002;1;9998;2;9995;25;10005;25;;;;;10003.5;288.0
1;16700;BANANAS;4864;2;4863;25;;;4870;25;;;;;4867.0;173.234375
1;16800;PEARLS;10000;2;9996;2;9995;25;10004;2;10005;25;;;10002.0;290.0
1;16800;BANANAS;4863;2;4862;25;;;4869;27;;;;;4866.0;162.9375
1;16900;PEARLS;9996;2;9995;22;;;10004;2;10005;22;;;10000.0;290.0
1;16900;BANANAS;4862;24;;;;;4868;2;4869;22;;;4865.0;151.765625
1;17000;PEARLS;9996;1;9995;25;;;10004;1;10005;25;;;10000.0;290.0
1;17000;BANANAS;4862;26;;;;;4869;26;;;;;4865.5;154.578125
1;17100;PEARLS;9996;1;9995;26;;;10004;1;10005;26;;;10000.0;290.0
1;17100;BANANAS;4862;27;;;;;4869;27;;;;;4865.5;159.1875
1;17200;PEARLS;9996;1;9995;27;;;10004;1;10005;27;;;10000.0;290.0
1;17200;BANANAS;4861;28;;;;;4868;28;;;;;4864.5;137.0
1;17300;PEARLS;9996;1;9995;27;;;10004;1;10005;27;;;10000.0;290.0
1;17300;BANANAS;4861;28;;;;;4868;28;;;;;4864.5;133.1796875
1;17400;PEARLS;9995;25;;;;;9998;11;10005;25;;;9996.5;290.0
1;17400;BANANAS;4861;25;;;;;4868;25;;;;;4864.5;137.46875
1;17500;PEARLS;9996;2;9995;26;;;10004;2;10005;26;;;10000.0;318.0
1;17500;BANANAS;4861;28;;;;;4867;28;;;;;4864.0;125.390625
1;17600;PEARLS;9996;1;9995;29;;;10004;1;10005;29;;;10000.0;318.0
1;17600;BANANAS;4861;30;;;;;4867;1;4868;29;;;4864.0;128.734375
1;17700;PEARLS;9998;2;9995;22;;;10005;22;;;;;10001.5;318.0
1;17700;BANANAS;4862;2;4861;22;;;4868;22;;;;;4865.0;134.6640625
1;17800;BANANAS;4862;32;;;;;4866;5;4868;32;;;4864.0;146.625
1;17800;PEARLS;9996;2;9995;30;;;9998;3;10002;5;10004;2;9997.0;318.0
1;17900;BANANAS;4861;21;;;;;4866;2;4868;21;;;4863.5;135.828125
1;17900;PEARLS;9995;21;;;;;9998;1;10002;3;10005;21;9996.5;324.0
1;18000;BANANAS;4861;24;;;;;4868;24;;;;;4864.5;138.59375
1;18000;PEARLS;9995;24;;;;;10005;24;;;;;10000.0;326.0
1;18100;BANANAS;4861;30;;;;;4868;30;;;;;4864.5;136.3515625
1;18100;PEARLS;9996;2;9995;28;;;10004;2;10005;28;;;10000.0;326.0
1;18200;BANANAS;4862;25;;;;;4866;10;4868;25;;;4864.0;146.546875
1;18200;PEARLS;9996;2;9995;23;;;10002;10;10004;2;10005;23;9999.0;326.0
1;18300;BANANAS;4862;20;;;;;4869;20;;;;;4865.5;152.484375
1;18300;PEARLS;9995;20;;;;;10005;20;;;;;10000.0;329.0
1;18400;BANANAS;4868;1;4862;22;;;4869;22;;;;;4868.5;158.84375
1;18400;PEARLS;9996;1;9995;21;;;10004;1;10005;21;;;10000.0;329.0
1;18500;BANANAS;4867;1;4862;23;;;4869;23;;;;;4868.0;153.3125
1;18500;PEARLS;9996;2;9995;21;;;10004;2;10005;21;;;10000.0;329.0
1;18600;PEARLS;9996;1;9995;21;;;10004;1;10005;21;;;10000.0;329.0
1;18600;BANANAS;4863;1;4862;21;;;4869;22;;;;;4866.0;162.7265625
1;18700;BANANAS;4862;30;;;;;4869;30;;;;;4865.5;164.28125
1;18700;PEARLS;10002;1;9995;30;;;10005;30;;;;;10003.5;329.0
1;18800;PEARLS;9995;24;;;;;10002;7;10005;24;;;9998.5;331.0
1;18800;BANANAS;4862;24;;;;;4867;7;4868;24;;;4864.5;147.1875
1;18900;BANANAS;4866;8;4861;25;;;4868;25;;;;;4867.0;141.3515625
1;18900;PEARLS;10002;1;9995;25;;;10005;25;;;;;10003.5;331.0
1;19000;PEARLS;9996;1;9995;30;;;10004;1;10005;30;;;10000.0;333.0
1;19000;BANANAS;4862;31;;;;;4868;31;;;;;4865.0;147.1796875
1;19100;BANANAS;4862;23;;;;;4869;23;;;;;4865.5;152.8671875
1;19100;PEARLS;9996;2;9995;21;;;10004;2;10005;21;;;10000.0;333.0
1;19200;PEARLS;9995;26;;;;;10002;1;10005;26;;;9998.5;333.0
1;19200;BANANAS;4862;26;;;;;4867;1;4869;26;;;4864.5;154.125
1;19300;BANANAS;4863;2;4862;25;;;4868;2;4869;23;;;4865.5;149.390625
1;19300;PEARLS;9996;2;9995;23;;;9998;6;10004;2;10005;23;9997.0;333.0
1;19400;PEARLS;9996;2;9995;24;;;10002;5;10004;2;10005;24;9999.0;345.0
1;19400;BANANAS;4862;26;;;;;4867;5;4868;26;;;4864.5;147.4453125
1;19500;BANANAS;4862;23;;;;;4869;23;;;;;4865.5;149.703125
1;19500;PEARLS;9995;23;;;;;10005;23;;;;;10000.0;345.0
1;19600;PEARLS;10002;1;9998;5;9996;1;10004;1;10005;26;;;10003.0;345.0
1;19600;BANANAS;4862;27;;;;;4863;4;4869;27;;;4862.5;155.2890625
1;19700;BANANAS;4862;31;;;;;4869;31;;;;;4865.5;152.71875
1;19700;PEARLS;9996;2;9995;29;;;10004;2;10005;29;;;10000.0;347.0
1;19800;PEARLS;9996;2;9995;26;;;10004;2;10005;26;;;10000.0;347.0
1;19800;BANANAS;4862;28;;;;;4868;28;;;;;4865.0;145.359375
1;19900;BANANAS;4862;1;4861;22;;;4868;23;;;;;4865.0;140.078125
1;19900;PEARLS;9996;1;9995;22;;;9998;1;10004;1;10005;22;9997.0;347.0
1;20000;PEARLS;9995;26;;;;;9998;1;10005;26;;;9996.5;349.0
1;20000;BANANAS;4862;26;;;;;4863;12;4868;26;;;4862.5;146.7890625
1;20100;PEARLS;9996;1;9995;29;;;9998;4;10004;1;10005;29;9997.0;351.0
1;20100;BANANAS;4862;30;;;;;4868;30;;;;;4865.0;146.25
1;20200;PEARLS;10002;1;9995;20;;;10005;20;;;;;10003.5;355.0
1;20200;BANANAS;4861;20;;;;;4868;20;;;;;4864.5;135.5625
1;20300;PEARLS;10002;4;9995;24;;;10005;24;;;;;10003.5;357.0
1;20300;BANANAS;4860;24;;;;;4867;24;;;;;4863.5;124.078125
1;20400;PEARLS;10002;2;9996;1;9995;27;10004;1;10005;27;;;10003.0;365.0
1;20400;BANANAS;4861;28;;;;;4867;28;;;;;4864.0;127.546875
1;20500;PEARLS;9998;7;9996;1;9995;25;10004;1;10005;25;;;10001.0;369.0
1;20500;BANANAS;4861;8;4860;25;;;4867;26;;;;;4864.0;120.578125
1;20600;PEARLS;9996;1;9995;24;;;9998;4;10002;5;10004;1;9997.0;369.0
1;20600;BANANAS;4860;25;;;;;4865;5;4866;1;4867;24;4862.5;112.375
1;20700;PEARLS;9995;30;;;;;10005;30;;;;;10000.0;377.0
1;20700;BANANAS;4860;30;;;;;4867;30;;;;;4863.5;112.421875
1;20800;BANANAS;4860;2;4859;24;;;4866;26;;;;;4863.0;102.1796875
1;20800;PEARLS;9996;2;9995;24;;;10004;2;10005;24;;;10000.0;377.0
1;20900;BANANAS;4860;30;;;;;4866;31;;;;;4863.0;106.140625
1;20900;PEARLS;9996;2;9995;29;;;10004;2;10005;29;;;10000.0;377.0
1;21000;BANANAS;4860;26;;;;;4861;13;4863;5;4866;1;4860.5;110.28125
1;21000;PEARLS;9996;1;9995;25;;;10004;1;10005;25;;;10000.0;377.0
1;21100;BANANAS;4860;28;;;;;4866;28;;;;;4863.0;104.46875
1;21100;PEARLS;9995;28;;;;;10000;2;10005;28;;;9997.5;377.0
1;21200;PEARLS;9995;29;;;;;9998;1;10005;29;;;9996.5;377.0
1;21200;BANANAS;4865;1;4859;29;;;4866;29;;;;;4865.5;101.734375
1;21300;PEARLS;9995;22;;;;;10005;22;;;;;10000.0;379.0
1;21300;BANANAS;4859;22;;;;;4866;22;;;;;4862.5;99.2109375
1;21400;PEARLS;9996;1;9995;29;;;10004;1;10005;29;;;10000.0;379.0
1;21400;BANANAS;4859;30;;;;;4866;30;;;;;4862.5;97.734375
1;21500;PEARLS;9996;2;9995;28;;;10004;2;10005;28;;;10000.0;379.0
1;21500;BANANAS;4859;30;;;;;4866;30;;;;;4862.5;98.1484375
1;21600;PEARLS;9998;5;9996;2;9995;20;10004;2;10005;20;;;10001.0;379.0
1;21600;BANANAS;4864;1;4860;5;4859;22;4866;22;;;;;4865.0;99.34375
1;21700;PEARLS;9996;2;9995;25;;;10004;2;10005;25;;;10000.0;379.0
1;21700;BANANAS;4859;27;;;;;4866;27;;;;;4862.5;97.875
1;21800;PEARLS;9996;1;9995;25;;;10004;1;10005;25;;;10000.0;379.0
1;21800;BANANAS;4859;26;;;;;4866;26;;;;;4862.5;98.1171875
1;21900;PEARLS;9995;27;;;;;10002;3;10005;27;;;9998.5;379.0
1;21900;BANANAS;4859;27;;;;;4864;3;4866;27;;;4861.5;97.265625
1;22000;PEARLS;9996;2;9995;20;;;10004;2;10005;20;;;10000.0;379.0
1;22000;BANANAS;4860;22;;;;;4866;2;4867;20;;;4863.0;109.359375
1;22100;PEARLS;9995;22;;;;;10005;22;;;;;10000.0;379.0
1;22100;BANANAS;4865;1;4860;22;;;4867;22;;;;;4866.0;108.1484375
1;22200;PEARLS;10002;1;9995;23;;;10005;23;;;;;10003.5;379.0
1;22200;BANANAS;4860;23;;;;;4867;23;;;;;4863.5;115.5390625
1;22300;BANANAS;4860;30;;;;;4867;30;;;;;4863.5;118.328125
1;22300;PEARLS;9996;2;9995;28;;;10004;2;10005;28;;;10000.0;381.0
1;22400;BANANAS;4860;24;;;;;4865;3;4867;24;;;4862.5;115.2109375
1;22400;PEARLS;9996;1;9995;23;;;10002;2;10004;1;10005;23;9999.0;381.0
1;22500;BANANAS;4866;1;4861;2;4860;27;4867;27;;;;;4866.5;119.21875
1;22500;PEARLS;9998;2;9995;27;;;10005;27;;;;;10001.5;381.0
1;22600;BANANAS;4865;1;4861;5;4860;26;4867;26;;;;;4866.0;117.3125
1;22600;PEARLS;9998;5;9996;1;9995;25;10004;1;10005;25;;;10001.0;381.0
1;22700;BANANAS;4861;1;4860;25;;;4865;9;4867;26;;;4863.0;123.078125
1;22700;PEARLS;9996;1;9995;25;;;10002;9;10004;1;10005;25;9999.0;381.0
1;22800;BANANAS;4861;1;4860;26;;;4867;27;;;;;4864.0;119.765625
1;22800;PEARLS;10002;1;9996;1;9995;26;10004;1;10005;26;;;10003.0;381.0
1;22900;BANANAS;4860;22;;;;;4867;23;;;;;4863.5;119.9765625
1;22900;PEARLS;10002;2;9996;1;9995;22;10004;1;10005;22;;;10003.0;383.0
1;23000;PEARLS;9996;1;9995;20;;;10002;2;10004;1;10005;20;9999.0;387.0
1;23000;BANANAS;4860;21;;;;;4865;2;4867;21;;;4862.5;115.0
1;23100;BANANAS;4860;28;;;;;4866;28;;;;;4863.0;106.609375
1;23100;PEARLS;9996;2;9995;26;;;10004;2;10005;26;;;10000.0;387.0
1;23200;BANANAS;4860;24;;;;;4865;4;4866;1;4867;24;4862.5;112.2421875
1;23200;PEARLS;9996;1;9995;24;;;10002;4;10004;1;10005;24;9999.0;387.0
1;23300;PEARLS;9996;2;9995;21;;;10004;2;10005;21;;;10000.0;387.0
1;23300;BANANAS;4860;23;;;;;4863;4;4866;23;;;4861.5;107.421875
1;23400;PEARLS;9996;1;9995;29;;;10004;1;10005;29;;;10000.0;387.0
1;23400;BANANAS;4860;30;;;;;4867;30;;;;;4863.5;114.015625
1;23500;BANANAS;4865;1;4860;31;;;4867;31;;;;;4866.0;117.421875
1;23500;PEARLS;9996;1;9995;30;;;10004;1;10005;30;;;10000.0;387.0
1;23600;BANANAS;4861;1;4860;25;;;4867;27;;;;;4864.0;121.921875
1;23600;PEARLS;9996;2;9995;25;;;10004;2;10005;25;;;10000.0;387.0
1;23700;PEARLS;9996;1;9995;20;;;10004;1;10005;20;;;10000.0;387.0
1;23700;BANANAS;4866;1;4861;21;;;4867;21;;;;;4866.5;127.6015625
1;23800;PEARLS;9995;22;;;;;10005;22;;;;;10000.0;387.0
1;23800;BANANAS;4862;22;;;;;4869;22;;;;;4865.5;148.28125
1;23900;BANANAS;4862;27;;;;;4869;27;;;;;4865.5;155.6015625
1;23900;PEARLS;9995;27;;;;;10005;27;;;;;10000.0;387.0
1;24000;BANANAS;4862;29;;;;;4869;29;;;;;4865.5;151.265625
1;24000;PEARLS;9995;29;;;;;10005;29;;;;;10000.0;387.0
1;24100;PEARLS;9996;2;9995;20;;;10004;2;10005;20;;;10000.0;387.0
1;24100;BANANAS;4862;2;4861;20;;;4868;22;;;;;4865.0;144.0625
1;24200;PEARLS;9996;1;9995;23;;;10002;7;10004;1;10005;23;9999.0;387.0
1;24200;BANANAS;4862;24;;;;;4867;7;4869;24;;;4864.5;154.9453125
1;24300;BANANAS;4862;26;;;;;4868;27;;;;;4865.0;146.4296875
1;24300;PEARLS;10002;1;9995;27;;;10005;27;;;;;10003.5;387.0
1;24400;BANANAS;4861;29;;;;;4868;29;;;;;4864.5;136.125
1;24400;PEARLS;9996;1;9995;28;;;10004;1;10005;28;;;10000.0;389.0
1;24500;PEARLS;9996;2;9995;24;;;10002;10;10004;2;10005;24;9999.0;389.0
1;24500;BANANAS;4861;26;;;;;4865;10;4867;26;;;4863.0;124.515625
1;24600;PEARLS;9996;2;9995;22;;;10002;10;10004;2;10005;22;9999.0;389.0
1;24600;BANANAS;4862;2;4861;22;;;4864;2;4866;10;4868;24;4863.0;140.75
1;24700;PEARLS;9996;2;9995;20;;;10004;2;10005;20;;;10000.0;389.0
1;24700;BANANAS;4865;6;4862;22;;;4869;22;;;;;4867.0;152.8046875
1;24800;PEARLS;9995;28;;;;;10005;28;;;;;10000.0;389.0
1;24800;BANANAS;4862;28;;;;;4865;1;4869;28;;;4863.5;159.40625
1;24900;PEARLS;9998;7;9995;24;;;10005;24;;;;;10001.5;389.0
1;24900;BANANAS;4864;7;4863;24;;;4870;24;;;;;4867.0;172.15625
1;25000;PEARLS;10002;1;9996;1;9995;27;10004;1;10005;27;;;10003.0;389.0
1;25000;BANANAS;4863;28;;;;;4869;28;;;;;4866.0;164.6328125
1;25100;PEARLS;9998;8;9996;1;9995;26;10004;1;10005;26;;;10001.0;391.0
1;25100;BANANAS;4867;1;4864;9;4863;27;4869;1;4870;26;;;4868.0;172.09375
1;25200;BANANAS;4864;2;4863;24;;;4870;26;;;;;4867.0;182.5546875
1;25200;PEARLS;9996;2;9995;24;;;10000;4;10004;2;10005;24;9998.0;391.0
1;25300;BANANAS;4865;9;4864;22;;;4870;1;4871;21;;;4867.5;190.6484375
1;25300;PEARLS;9998;9;9996;1;9995;21;10004;1;10005;21;;;10001.0;391.0
1;25400;BANANAS;4865;2;4864;27;;;4871;29;;;;;4868.0;200.8046875
1;25400;PEARLS;10002;3;9996;2;9995;27;10004;2;10005;27;;;10003.0;391.0
1;25500;BANANAS;4865;1;4864;23;;;4871;24;;;;;4868.0;202.4140625
1;25500;PEARLS;9996;1;9995;23;;;10004;1;10005;23;;;10000.0;397.0
1;25600;PEARLS;9995;24;;;;;10005;24;;;;;10000.0;397.0
1;25600;BANANAS;4865;24;;;;;4872;24;;;;;4868.5;209.390625
1;25700;PEARLS;9996;1;9995;24;;;10004;1;10005;24;;;10000.0;397.0
1;25700;BANANAS;4865;25;;;;;4871;25;;;;;4868.0;206.2734375
1;25800;PEARLS;10002;1;9996;2;9995;27;10004;2;10005;27;;;10003.0;397.0
1;25800;BANANAS;4865;29;;;;;4871;2;4872;27;;;4868.0;212.15625
1;25900;PEARLS;9996;2;9995;27;;;10004;2;10005;27;;;10000.0;399.0
1;25900;BANANAS;4865;2;4864;27;;;4871;29;;;;;4868.0;204.359375
1;26000;PEARLS;9995;27;;;;;10005;27;;;;;10000.0;405.0
1;26000;BANANAS;4870;1;4864;27;;;4871;27;;;;;4870.5;206.390625
1;26100;PEARLS;10002;1;9998;3;9996;1;10004;1;10005;24;;;10003.0;405.0
1;26100;BANANAS;4870;1;4866;3;4865;25;4871;1;4872;24;;;4870.5;215.6875
1;26200;PEARLS;10002;1;9996;2;9995;27;10004;2;10005;27;;;10003.0;407.0
1;26200;BANANAS;4867;3;4865;2;4864;27;4871;29;;;;;4869.0;212.1796875
1;26300;PEARLS;9996;1;9995;25;;;10002;1;10004;1;10005;25;9999.0;409.0
1;26300;BANANAS;4865;25;;;;;4870;5;4871;26;;;4867.5;214.9921875
1;26400;PEARLS;9995;27;;;;;10005;27;;;;;10000.0;409.0
1;26400;BANANAS;4865;27;;;;;4872;27;;;;;4868.5;219.8671875
1;26500;PEARLS;9996;1;9995;21;;;10004;1;10005;21;;;10000.0;409.0
1;26500;BANANAS;4866;1;4865;21;;;4872;22;;;;;4869.0;225.59375
1;26600;PEARLS;9996;2;9995;29;;;9998;4;10004;2;10005;29;9997.0;409.0
1;26600;BANANAS;4865;31;;;;;4871;2;4872;29;;;4868.0;219.09375
1;26700;BANANAS;4872;1;4867;26;;;4873;26;;;;;4872.5;246.4375
1;26700;PEARLS;9995;26;;;;;10005;26;;;;;10000.0;417.0
1;26800;BANANAS;4868;7;4867;20;;;4874;20;;;;;4871.0;250.546875
1;26800;PEARLS;10002;1;9998;7;9995;20;10005;20;;;;;10003.5;417.0
1;26900;BANANAS;4866;22;;;;;4873;22;;;;;4869.5;246.1796875
1;26900;PEARLS;9995;22;;;;;10005;22;;;;;10000.0;419.0
1;27000;BANANAS;4867;3;4866;26;;;4869;5;4873;27;;;4868.0;245.421875
1;27000;PEARLS;9998;2;9996;1;9995;26;10004;1;10005;26;;;10001.0;419.0
1;27100;BANANAS;4866;29;;;;;4871;9;4872;2;4873;27;4868.5;237.2109375
1;27100;PEARLS;9996;2;9995;27;;;9998;1;10002;10;10004;2;9997.0;419.0
1;27200;BANANAS;4871;1;4867;3;4866;25;4872;2;4873;23;;;4871.5;237.421875
1;27200;PEARLS;9998;3;9996;2;9995;23;10004;2;10005;23;;;10001.0;421.0
1;27300;BANANAS;4866;24;;;;;4871;8;4872;25;;;4868.5;235.890625
1;27300;PEARLS;9995;25;;;;;10002;8;10005;25;;;9998.5;421.0
1;27400;PEARLS;9996;1;9995;22;;;9998;3;10004;1;10005;22;9997.0;421.0
1;27400;BANANAS;4866;1;4865;22;;;4872;23;;;;;4869.0;230.96875
1;27500;BANANAS;4866;30;;;;;4873;30;;;;;4869.5;236.890625
1;27500;PEARLS;9995;30;;;;;10005;30;;;;;10000.0;427.0
1;27600;PEARLS;9996;2;9995;26;;;10002;4;10004;2;10005;26;9999.0;427.0
1;27600;BANANAS;4867;2;4866;26;;;4871;3;4873;28;;;4869.0;250.41796875
1;27700;BANANAS;4867;32;;;;;4873;2;4874;30;;;4870.0;248.392578125
1;27700;PEARLS;9996;2;9995;30;;;10004;2;10005;30;;;10000.0;427.0
1;27800;PEARLS;9998;2;9996;2;9995;20;10004;2;10005;20;;;10001.0;427.0
1;27800;BANANAS;4868;5;4867;22;;;4873;2;4874;20;;;4870.5;248.40234375
1;27900;BANANAS;4867;29;;;;;4873;29;;;;;4870.0;248.958984375
1;27900;PEARLS;9995;29;;;;;10005;29;;;;;10000.0;427.0
1;28000;PEARLS;9995;22;;;;;10005;22;;;;;10000.0;427.0
1;28000;BANANAS;4867;22;;;;;4873;22;;;;;4870.0;248.69140625
1;28100;BANANAS;4868;1;4867;20;;;4874;21;;;;;4871.0;245.078125
1;28100;PEARLS;9996;1;9995;20;;;10004;1;10005;20;;;10000.0;427.0
1;28200;PEARLS;9995;23;;;;;10005;23;;;;;10000.0;436.0
1;28200;BANANAS;4868;23;;;;;4871;1;4875;23;;;4869.5;243.123046875
1;28300;BANANAS;4868;30;;;;;4874;30;;;;;4871.0;244.236328125
1;28300;PEARLS;9996;2;9995;28;;;10004;2;10005;28;;;10000.0;436.0
1;28400;PEARLS;9995;20;;;;;10002;8;10005;20;;;9998.5;436.0
1;28400;BANANAS;4868;20;;;;;4872;8;4874;20;;;4870.0;244.294921875
1;28500;BANANAS;4868;29;;;;;4874;30;;;;;4871.0;243.88671875
1;28500;PEARLS;9996;2;9995;28;;;10004;2;10005;28;;;10000.0;436.0
1;28600;PEARLS;9996;2;9995;26;;;10000;5;10002;5;10004;2;9998.0;436.0
1;28600;BANANAS;4867;27;;;;;4872;5;4874;28;;;4869.5;246.8828125
1;28700;BANANAS;4868;9;4867;22;;;4874;24;;;;;4871.0;244.9453125
1;28700;PEARLS;9998;8;9996;2;9995;22;10004;2;10005;22;;;10001.0;436.0
1;28800;PEARLS;9995;21;;;;;10002;8;10005;21;;;9998.5;436.0
1;28800;BANANAS;4867;21;;;;;4872;8;4874;21;;;4869.5;248.326171875
1;28900;PEARLS;9996;1;9995;22;;;10002;5;10004;1;10005;22;9999.0;436.0
1;28900;BANANAS;4867;23;;;;;4871;5;4873;23;;;4869.0;249.3046875
1;29000;PEARLS;10002;1;9996;2;9995;24;10004;2;10005;24;;;10003.0;436.0
1;29000;BANANAS;4867;2;4866;24;;;4873;26;;;;;4870.0;250.2265625
1;29100;PEARLS;9995;23;;;;;10002;2;10005;23;;;9998.5;438.0
1;29100;BANANAS;4866;23;;;;;4871;2;4873;23;;;4868.5;249.759765625
1;29200;PEARLS;9996;1;9995;22;;;10004;1;10005;22;;;10000.0;438.0
1;29200;BANANAS;4866;23;;;;;4873;23;;;;;4869.5;251.287109375
1;29300;PEARLS;9996;1;9995;22;;;10004;1;10005;22;;;10000.0;438.0
1;29300;BANANAS;4871;1;4866;23;;;4873;23;;;;;4872.0;251.94140625
1;29400;PEARLS;9996;2;9995;23;;;10002;4;10004;2;10005;23;9999.0;438.0
1;29400;BANANAS;4865;25;;;;;4870;5;4872;25;;;4867.5;258.640625
1;29500;PEARLS;9998;6;9995;20;;;10005;20;;;;;10001.5;438.0
1;29500;BANANAS;4866;5;4865;20;;;4872;20;;;;;4869.0;261.36328125
1;29600;PEARLS;9996;1;9995;26;;;10000;4;10004;1;10005;26;9998.0;438.0
1;29600;BANANAS;4865;27;;;;;4872;27;;;;;4868.5;258.44921875
1;29700;BANANAS;4866;23;;;;;4871;7;4873;23;;;4868.5;253.53125
1;29700;PEARLS;9996;1;9995;22;;;10002;7;10004;1;10005;22;9999.0;438.0
1;29800;BANANAS;4871;1;4866;25;;;4873;25;;;;;4872.0;254.85546875
1;29800;PEARLS;9995;25;;;;;10005;25;;;;;10000.0;438.0
1;29900;BANANAS;4866;32;;;;;4872;32;;;;;4869.0;257.51953125
1;29900;PEARLS;9996;2;9995;30;;;10004;2;10005;30;;;10000.0;453.0
1;30000;PEARLS;9998;10;9996;2;9995;23;10004;2;10005;23;;;10001.0;453.0
1;30000;BANANAS;4867;10;4866;25;;;4872;2;4873;23;;;4869.5;255.765625
1;30100;PEARLS;9996;1;9995;20;;;10004;1;10005;20;;;10000.0;453.0
1;30100;BANANAS;4866;21;;;;;4873;21;;;;;4869.5;255.3046875
1;30200;PEARLS;9996;2;9995;28;;;9998;1;10002;8;10004;2;9997.0;453.0
1;30200;BANANAS;4866;30;;;;;4867;2;4871;8;4872;2;4866.5;256.12109375
1;30300;PEARLS;10002;4;9996;2;9995;29;10004;2;10005;29;;;10003.0;455.0
1;30300;BANANAS;4866;2;4865;29;;;4872;31;;;;;4869.0;258.60546875
1;30400;PEARLS;9995;30;;;;;10005;30;;;;;10000.0;463.0
1;30400;BANANAS;4866;30;;;;;4873;30;;;;;4869.5;251.95703125
1;30500;PEARLS;9996;2;9995;28;;;10004;2;10005;28;;;10000.0;463.0
1;30500;BANANAS;4867;2;4866;28;;;4873;30;;;;;4870.0;251.83984375
1;30600;PEARLS;10002;1;9996;2;9995;30;10004;2;10005;30;;;10003.0;463.0
1;30600;BANANAS;4867;32;;;;;4873;2;4874;30;;;4870.0;250.2421875
1;30700;PEARLS;9996;2;9995;27;;;10004;2;10005;27;;;10000.0;477.0
1;30700;BANANAS;4867;2;4866;27;;;4873;29;;;;;4870.0;252.20703125
1;30800;PEARLS;9998;8;9996;2;9995;29;10004;2;10005;29;;;10001.0;477.0
1;30800;BANANAS;4867;8;4866;31;;;4873;31;;;;;4870.0;253.7734375
1;30900;PEARLS;9995;21;;;;;10005;21;;;;;10000.0;477.0
1;30900;BANANAS;4866;21;;;;;4873;21;;;;;4869.5;255.43359375
1;31000;PEARLS;9996;2;9995;26;;;10002;2;10004;2;10005;26;9999.0;477.0
1;31000;BANANAS;4866;28;;;;;4871;2;4872;2;4873;26;4868.5;257.12890625
1;31100;BANANAS;4871;1;4866;23;;;4872;23;;;;;4871.5;257.90625
1;31100;PEARLS;10002;1;9995;23;;;10005;23;;;;;10003.5;477.0
1;31200;BANANAS;4866;21;;;;;4871;7;4872;1;4873;21;4868.5;257.98828125
1;31200;PEARLS;9996;1;9995;21;;;10002;6;10004;1;10005;21;9999.0;479.0
1;31300;BANANAS;4866;22;;;;;4873;22;;;;;4869.5;255.4453125
1;31300;PEARLS;9996;2;9995;20;;;10004;2;10005;20;;;10000.0;479.0
1;31400;BANANAS;4866;22;;;;;4871;3;4873;22;;;4868.5;257.26953125
1;31400;PEARLS;9995;22;;;;;10005;22;;;;;10000.0;479.0
1;31500;BANANAS;4866;22;;;;;4873;22;;;;;4869.5;256.17578125
1;31500;PEARLS;9996;1;9995;21;;;10004;1;10005;21;;;10000.0;479.0
1;31600;BANANAS;4866;24;;;;;4872;24;;;;;4869.0;260.5234375
1;31600;PEARLS;9995;24;;;;;9998;3;10005;24;;;9996.5;479.0
1;31700;BANANAS;4865;29;;;;;4870;4;4872;29;;;4867.5;265.109375
1;31700;PEARLS;9995;29;;;;;10002;3;10005;29;;;9998.5;485.0
1;31800;BANANAS;4865;24;;;;;4870;2;4871;24;;;4867.5;267.5234375
1;31800;PEARLS;9996;2;9995;22;;;10002;2;10004;2;10005;22;9999.0;494.0
1;31900;PEARLS;9996;2;9995;26;;;10004;2;10005;26;;;10000.0;494.0
1;31900;BANANAS;4864;28;;;;;4871;28;;;;;4867.5;272.33203125
1;32000;PEARLS;9996;2;9995;20;;;10002;10;10004;2;10005;20;9999.0;494.0
1;32000;BANANAS;4865;22;;;;;4869;10;4871;22;;;4867.0;268.0625
1;32100;BANANAS;4866;9;4865;25;;;4872;25;;;;;4869.0;265.03125
1;32100;PEARLS;9998;9;9995;25;;;10005;25;;;;;10001.5;494.0
1;32200;BANANAS;4865;25;;;;;4870;5;4872;25;;;4867.5;263.8046875
1;32200;PEARLS;9996;1;9995;24;;;10002;5;10004;1;10005;24;9999.0;494.0
1;32300;PEARLS;10000;3;9996;2;9995;30;10004;2;10005;30;;;10002.0;494.0
1;32300;BANANAS;4866;32;;;;;4872;32;;;;;4869.0;260.24609375
1;32400;PEARLS;9998;2;9995;29;;;10005;29;;;;;10001.5;494.0
1;32400;BANANAS;4867;2;4866;29;;;4873;29;;;;;4870.0;257.85546875
1;32500;BANANAS;4865;26;;;;;4872;26;;;;;4868.5;265.2734375
1;32500;PEARLS;10002;1;9996;2;9995;24;10004;2;10005;24;;;10003.0;494.0
1;32600;BANANAS;4866;1;4865;28;;;4872;28;;;;;4869.0;265.11328125
1;32600;PEARLS;9998;1;9996;2;9995;26;10004;2;10005;26;;;10001.0;496.0
1;32700;PEARLS;9996;2;9995;30;;;10004;2;10005;30;;;10000.0;496.0
1;32700;BANANAS;4865;32;;;;;4872;32;;;;;4868.5;263.296875
1;32800;PEARLS;9995;29;;;;;10005;29;;;;;10000.0;496.0
1;32800;BANANAS;4865;29;;;;;4872;29;;;;;4868.5;266.546875
1;32900;BANANAS;4865;21;;;;;4870;10;4872;21;;;4867.5;265.24609375
1;32900;PEARLS;9996;1;9995;20;;;10002;10;10004;1;10005;20;9999.0;496.0
1;33000;BANANAS;4866;2;4865;28;;;4872;28;;;;;4869.0;265.28125
1;33000;PEARLS;9998;2;9995;28;;;10005;28;;;;;10001.5;496.0
1;33100;PEARLS;9996;1;9995;25;;;10004;1;10005;25;;;10000.0;496.0
1;33100;BANANAS;4865;26;;;;;4871;26;;;;;4868.0;268.2734375
1;33200;PEARLS;9996;1;9995;23;;;10004;1;10005;23;;;10000.0;496.0
1;33200;BANANAS;4871;1;4866;1;4865;23;4872;24;;;;;4871.5;261.61328125
1;33300;BANANAS;4866;1;4865;30;;;4870;1;4872;31;;;4868.0;263.1953125
1;33300;PEARLS;9996;1;9995;30;;;10002;1;10004;1;10005;30;9999.0;496.0
1;33400;PEARLS;9995;20;;;;;10005;20;;;;;10000.0;496.0
1;33400;BANANAS;4866;20;;;;;4872;20;;;;;4869.0;262.14453125
1;33500;PEARLS;9996;2;9995;21;;;10002;4;10004;2;10005;21;9999.0;496.0
1;33500;BANANAS;4866;2;4865;21;;;4870;4;4872;23;;;4868.0;264.54296875
1;33600;PEARLS;9995;27;;;;;9998;2;10005;27;;;9996.5;496.0
1;33600;BANANAS;4866;27;;;;;4872;27;;;;;4869.0;262.37890625
1;33700;PEARLS;9996;1;9995;25;;;10004;1;10005;25;;;10000.0;500.0
1;33700;BANANAS;4866;26;;;;;4872;1;4873;25;;;4869.0;260.51171875
1;33800;PEARLS;9995;21;;;;;10002;4;10005;21;;;9998.5;500.0
1;33800;BANANAS;4866;21;;;;;4871;4;4873;21;;;4868.5;259.94921875
1;33900;PEARLS;9996;1;9995;27;;;10004;1;10005;27;;;10000.0;500.0
1;33900;BANANAS;4866;28;;;;;4872;1;4873;27;;;4869.0;272.515625
1;34000;PEARLS;9996;2;9995;28;;;10004;2;10005;28;;;10000.0;536.0
1;34000;BANANAS;4871;1;4866;2;4865;28;4872;30;;;;;4871.5;276.984375
1;34100;BANANAS;4865;27;;;;;4872;27;;;;;4868.5;286.71875
1;34100;PEARLS;9996;2;9995;25;;;10004;2;10005;25;;;10000.0;536.0
1;34200;BANANAS;4865;32;;;;;4870;3;4871;2;4872;30;4867.5;288.3984375
1;34200;PEARLS;9996;2;9995;30;;;10002;2;10004;2;10005;30;9999.0;536.0
1;34300;BANANAS;4864;29;;;;;4865;1;4871;29;;;4864.5;297.828125
1;34300;PEARLS;9996;1;9995;28;;;10004;1;10005;28;;;10000.0;536.0
1;34400;BANANAS;4864;30;;;;;4871;30;;;;;4867.5;304.8515625
1;34400;PEARLS;9996;2;9995;28;;;10004;2;10005;28;;;10000.0;536.0
1;34500;PEARLS;9996;2;9995;22;;;10004;2;10005;22;;;10000.0;536.0
1;34500;BANANAS;4864;24;;;;;4870;24;;;;;4867.0;309.234375
1;34600;PEARLS;9995;24;;;;;10005;24;;;;;10000.0;536.0
1;34600;BANANAS;4864;24;;;;;4871;24;;;;;4867.5;303.0859375
1;34700;PEARLS;9996;2;9995;23;;;10004;2;10005;23;;;10000.0;536.0
1;34700;BANANAS;4864;25;;;;;4871;25;;;;;4867.5;304.5546875
1;34800;PEARLS;9998;3;9996;2;9995;22;10004;2;10005;22;;;10001.0;536.0
1;34800;BANANAS;4864;24;;;;;4865;1;4871;24;;;4864.5;304.9765625
1;34900;PEARLS;9995;24;;;;;10005;24;;;;;10000.0;536.0
1;34900;BANANAS;4864;24;;;;;4871;24;;;;;4867.5;307.765625
1;35000;PEARLS;9995;29;;;;;10005;29;;;;;10000.0;536.0
1;35000;BANANAS;4864;29;;;;;4871;29;;;;;4867.5;306.0625
1;35100;PEARLS;9996;2;9995;21;;;10004;2;10005;21;;;10000.0;536.0
1;35100;BANANAS;4864;23;;;;;4871;23;;;;;4867.5;306.390625
1;35200;PEARLS;9995;24;;;;;10005;24;;;;;10000.0;536.0
1;35200;BANANAS;4867;2;4864;24;;;4871;24;;;;;4869.0;304.96875
1;35300;PEARLS;9998;8;9996;1;9995;22;10004;1;10005;22;;;10001.0;536.0
1;35300;BANANAS;4865;8;4864;23;;;4870;1;4871;22;;;4867.5;309.53125
1;35400;PEARLS;10002;1;9996;2;9995;25;10004;2;10005;25;;;10003.0;536.0
1;35400;BANANAS;4867;2;4864;27;;;4871;27;;;;;4869.0;306.703125
1;35500;PEARLS;9996;2;9995;27;;;10004;2;10005;27;;;10000.0;544.0
1;35500;BANANAS;4865;2;4864;27;;;4871;29;;;;;4868.0;301.359375
1;35600;BANANAS;4864;24;;;;;4869;3;4870;1;4871;23;4866.5;308.046875
1;35600;PEARLS;9996;1;9995;23;;;10002;3;10004;1;10005;23;9999.0;544.0
1;35700;BANANAS;4863;31;;;;;4868;9;4870;31;;;4865.5;316.59375
1;35700;PEARLS;9996;2;9995;29;;;10002;9;10004;2;10005;29;9999.0;544.0
1;35800;BANANAS;4863;23;;;;;4870;23;;;;;4866.5;318.8125
1;35800;PEARLS;9996;2;9995;21;;;10004;2;10005;21;;;10000.0;544.0
1;35900;BANANAS;4863;30;;;;;4870;30;;;;;4866.5;319.03125
1;35900;PEARLS;9996;2;9995;28;;;10004;2;10005;28;;;10000.0;544.0
1;36000;BANANAS;4863;30;;;;;4868;9;4870;30;;;4865.5;320.984375
1;36000;PEARLS;9995;30;;;;;10000;2;10002;9;10005;30;9997.5;544.0
1;36100;BANANAS;4864;7;4863;23;;;4870;23;;;;;4867.0;320.84375
1;36100;PEARLS;9998;7;9996;2;9995;21;10004;2;10005;21;;;10001.0;544.0
1;36200;BANANAS;4865;5;4864;30;;;4870;30;;;;;4867.5;310.9765625
1;36200;PEARLS;9998;5;9996;1;9995;29;10004;1;10005;29;;;10001.0;544.0
1;36300;BANANAS;4864;1;4863;30;;;4870;31;;;;;4867.0;313.828125
1;36300;PEARLS;9996;1;9995;30;;;10004;1;10005;30;;;10000.0;544.0
1;36400;PEARLS;9996;1;9995;28;;;10002;8;10004;1;10005;28;9999.0;544.0
1;36400;BANANAS;4863;29;;;;;4867;8;4869;29;;;4865.0;326.2890625
1;36500;BANANAS;4863;28;;;;;4869;2;4870;27;;;4866.0;324.7109375
1;36500;PEARLS;9996;2;9995;27;;;10004;2;10005;27;;;10000.0;544.0
1;36600;PEARLS;9996;1;9995;30;;;10000;2;10004;1;10005;30;9998.0;544.0
1;36600;BANANAS;4863;31;;;;;4869;1;4870;30;;;4866.0;323.4375
1;36700;BANANAS;4863;22;;;;;4869;1;4870;21;;;4866.0;322.9296875
1;36700;PEARLS;10002;1;9996;1;9995;21;10004;1;10005;21;;;10003.0;544.0
1;36800;PEARLS;9996;2;9995;23;;;10004;2;10005;23;;;10000.0;546.0
1;36800;BANANAS;4864;2;4863;23;;;4865;2;4870;25;;;4864.5;314.265625
1;36900;BANANAS;4865;6;4864;22;;;4871;22;;;;;4868.0;313.8125
1;36900;PEARLS;9998;6;9995;22;;;10005;22;;;;;10001.5;546.0
1;37000;PEARLS;9996;2;9995;20;;;10004;2;10005;20;;;10000.0;546.0
1;37000;BANANAS;4868;4;4864;22;;;4870;22;;;;;4869.0;315.671875
1;37100;BANANAS;4863;24;;;;;4870;24;;;;;4866.5;317.2734375
1;37100;PEARLS;10000;5;9995;24;;;10005;24;;;;;10002.5;546.0
1;37200;PEARLS;9996;2;9995;27;;;10004;2;10005;27;;;10000.0;546.0
1;37200;BANANAS;4864;2;4863;27;;;4870;29;;;;;4867.0;319.125
1;37300;BANANAS;4864;23;;;;;4870;23;;;;;4867.0;316.765625
1;37300;PEARLS;9996;1;9995;22;;;10004;1;10005;22;;;10000.0;546.0
1;37400;PEARLS;9995;22;;;;;10005;22;;;;;10000.0;555.0
1;37400;BANANAS;4864;22;;;;;4871;22;;;;;4867.5;311.72265625
1;37500;BANANAS;4863;31;;;;;4870;31;;;;;4866.5;322.12890625
1;37500;PEARLS;10000;5;9996;1;9995;30;10004;1;10005;30;;;10002.0;555.0
1;37600;PEARLS;9996;1;9995;24;;;10004;1;10005;24;;;10000.0;555.0
1;37600;BANANAS;4869;1;4864;25;;;4870;25;;;;;4869.5;315.4375
1;37700;BANANAS;4863;20;;;;;4870;20;;;;;4866.5;320.41796875
1;37700;PEARLS;10002;1;9995;20;;;10005;20;;;;;10003.5;585.0
1;37800;PEARLS;9996;2;9995;23;;;10004;2;10005;23;;;10000.0;587.0
1;37800;BANANAS;4863;25;;;;;4870;25;;;;;4866.5;322.921875
1;37900;PEARLS;9996;2;9995;27;;;10004;2;10005;27;;;10000.0;593.0
1;37900;BANANAS;4863;29;;;;;4870;29;;;;;4866.5;322.1015625
1;38000;PEARLS;9998;3;9995;30;;;10005;30;;;;;10001.5;593.0
1;38000;BANANAS;4864;3;4863;30;;;4870;30;;;;;4867.0;326.48828125
1;38100;PEARLS;9998;4;9996;1;9995;28;10004;1;10005;28;;;10001.0;593.0
1;38100;BANANAS;4864;4;4863;29;;;4869;29;;;;;4866.5;327.73046875
1;38200;PEARLS;9998;4;9996;2;9995;29;10004;2;10005;29;;;10001.0;593.0
1;38200;BANANAS;4864;4;4863;31;;;4869;2;4870;29;;;4866.5;325.3359375
1;38300;PEARLS;9995;22;;;;;10005;22;;;;;10000.0;593.0
1;38300;BANANAS;4863;22;;;;;4870;22;;;;;4866.5;321.16796875
1;38400;PEARLS;9996;2;9995;29;;;10004;2;10005;29;;;10000.0;593.0
1;38400;BANANAS;4864;2;4863;29;;;4870;31;;;;;4867.0;318.6640625
1;38500;BANANAS;4864;2;4863;22;;;4870;24;;;;;4867.0;319.85546875
1;38500;PEARLS;9996;2;9995;22;;;10004;2;10005;22;;;10000.0;593.0
1;38600;BANANAS;4863;31;;;;;4870;31;;;;;4866.5;320.5859375
1;38600;PEARLS;10002;1;9996;2;9995;29;10004;2;10005;29;;;10003.0;593.0
1;38700;BANANAS;4864;1;4863;20;;;4870;22;;;;;4867.0;319.5234375
1;38700;PEARLS;9996;2;9995;20;;;10004;2;10005;20;;;10000.0;595.0
1;38800;BANANAS;4864;27;;;;;4870;27;;;;;4867.0;316.1640625
1;38800;PEARLS;9996;2;9995;25;;;10004;2;10005;25;;;10000.0;595.0
1;38900;PEARLS;9996;2;9995;23;;;10004;2;10005;23;;;10000.0;595.0
1;38900;BANANAS;4864;25;;;;;4870;25;;;;;4867.0;316.03515625
1;39000;PEARLS;9996;1;9995;23;;;10000;3;10004;1;10005;23;9998.0;595.0
1;39000;BANANAS;4864;24;;;;;4870;24;;;;;4867.0;315.6015625
1;39100;PEARLS;9996;2;9995;28;;;9998;3;10004;2;10005;28;9997.0;595.0
1;39100;BANANAS;4863;30;;;;;4869;2;4870;28;;;4866.0;325.0234375
1;39200;PEARLS;9995;21;;;;;10000;4;10005;21;;;9997.5;601.0
1;39200;BANANAS;4863;21;;;;;4870;21;;;;;4866.5;320.0625
1;39300;PEARLS;9995;24;;;;;10005;24;;;;;10000.0;607.0
1;39300;BANANAS;4863;24;;;;;4870;24;;;;;4866.5;323.0546875
1;39400;PEARLS;9995;21;;;;;10005;21;;;;;10000.0;607.0
1;39400;BANANAS;4863;21;;;;;4870;21;;;;;4866.5;321.265625
1;39500;PEARLS;9995;29;;;;;10005;29;;;;;10000.0;607.0
1;39500;BANANAS;4863;29;;;;;4870;29;;;;;4866.5;321.9609375
1;39600;PEARLS;9996;1;9995;30;;;10004;1;10005;30;;;10000.0;607.0
1;39600;BANANAS;4865;2;4863;1;4862;30;4869;31;;;;;4867.0;329.859375
1;39700;PEARLS;9996;1;9995;29;;;10000;6;10004;1;10005;29;9998.0;607.0
1;39700;BANANAS;4862;29;;;;;4869;30;;;;;4865.5;334.921875
1;39800;PEARLS;9996;2;9995;22;;;9998;1;10004;2;10005;22;9997.0;607.0
1;39800;BANANAS;4863;2;4862;22;;;4869;24;;;;;4866.0;331.8671875
1;39900;PEARLS;9998;10;9996;1;9995;28;10004;1;10005;28;;;10001.0;609.0
1;39900;BANANAS;4863;10;4862;29;;;4868;1;4869;28;;;4865.5;337.0703125
1;40000;BANANAS;4862;26;;;;;4868;1;4869;25;;;4865.0;338.8203125
1;40000;PEARLS;10002;11;9996;1;9995;25;10004;1;10005;25;;;10003.0;609.0
1;40100;BANANAS;4865;6;4862;30;;;4869;30;;;;;4867.0;338.95703125
1;40100;PEARLS;9995;30;;;;;10005;30;;;;;10000.0;631.0
1;40200;BANANAS;4862;25;;;;;4867;7;4868;1;4869;24;4864.5;339.015625
1;40200;PEARLS;9996;1;9995;24;;;10002;7;10004;1;10005;24;9999.0;631.0
1;40300;BANANAS;4862;30;;;;;4868;1;4869;29;;;4865.0;336.1796875
1;40300;PEARLS;10002;4;9996;1;9995;29;10004;1;10005;29;;;10003.0;631.0
1;40400;BANANAS;4862;25;;;;;4868;2;4869;23;;;4865.0;338.81640625
1;40400;PEARLS;9996;2;9995;23;;;10004;2;10005;23;;;10000.0;631.0
1;40500;BANANAS;4861;22;;;;;4863;5;4868;22;;;4862.0;344.65625
1;40500;PEARLS;9996;1;9995;21;;;10004;1;10005;21;;;10000.0;631.0
1;40600;BANANAS;4861;28;;;;;4868;28;;;;;4864.5;353.046875
1;40600;PEARLS;10002;1;9995;28;;;10005;28;;;;;10003.5;631.0
1;40700;BANANAS;4866;1;4862;10;4861;30;4867;1;4868;29;;;4866.5;354.80078125
1;40700;PEARLS;9998;10;9996;1;9995;29;10004;1;10005;29;;;10001.0;631.0
1;40800;BANANAS;4861;21;;;;;4867;21;;;;;4864.0;357.40234375
1;40800;PEARLS;9995;21;;;;;10005;21;;;;;10000.0;631.0
1;40900;PEARLS;9998;2;9995;25;;;10005;25;;;;;10001.5;631.0
1;40900;BANANAS;4861;2;4860;25;;;4867;25;;;;;4864.0;359.2265625
1;41000;PEARLS;9998;10;9996;1;9995;20;10000;2;10004;1;10005;20;9999.0;631.0
1;41000;BANANAS;4861;10;4860;21;;;4862;3;4867;21;;;4861.5;359.41796875
1;41100;BANANAS;4865;7;4860;25;;;4866;25;;;;;4865.5;366.7421875
1;41100;PEARLS;9996;2;9995;23;;;10004;2;10005;23;;;10000.0;631.0
1;41200;BANANAS;4860;20;;;;;4867;20;;;;;4863.5;305.015625
1;41200;PEARLS;9995;20;;;;;10005;20;;;;;10000.0;631.0
1;41300;PEARLS;9995;27;;;;;10005;27;;;;;10000.0;631.0
1;41300;BANANAS;4860;27;;;;;4867;27;;;;;4863.5;307.5859375
1;41400;PEARLS;9996;1;9995;29;;;10004;1;10005;29;;;10000.0;631.0
1;41400;BANANAS;4861;30;;;;;4862;5;4867;30;;;4861.5;314.125
1;41500;BANANAS;4862;2;4861;29;;;4868;31;;;;;4865.0;328.7890625
1;41500;PEARLS;9996;2;9995;29;;;10004;2;10005;29;;;10000.0;631.0
1;41600;BANANAS;4862;26;;;;;4868;26;;;;;4865.0;336.3984375
1;41600;PEARLS;9995;26;;;;;10005;26;;;;;10000.0;631.0
1;41700;PEARLS;9995;23;;;;;10005;23;;;;;10000.0;631.0
1;41700;BANANAS;4862;23;;;;;4868;23;;;;;4865.0;336.40625
1;41800;PEARLS;9996;1;9995;21;;;10004;1;10005;21;;;10000.0;631.0
1;41800;BANANAS;4861;21;;;;;4864;4;4868;22;;;4862.5;330.203125
1;41900;BANANAS;4861;28;;;;;4866;8;4868;28;;;4863.5;331.515625
1;41900;PEARLS;9995;28;;;;;10002;8;10005;28;;;9998.5;631.0
1;42000;BANANAS;4862;28;;;;;4868;1;4869;27;;;4865.0;336.90625
1;42000;PEARLS;9996;1;9995;27;;;9998;1;10004;1;10005;27;9997.0;631.0
1;42100;PEARLS;10002;2;9995;22;;;10005;22;;;;;10003.5;633.0
1;42100;BANANAS;4862;22;;;;;4868;22;;;;;4865.0;334.859375
1;42200;PEARLS;9995;22;;;;;10005;22;;;;;10000.0;635.0
1;42200;BANANAS;4861;22;;;;;4868;22;;;;;4864.5;329.0703125
1;42300;PEARLS;9996;2;9995;20;;;10004;2;10005;20;;;10000.0;635.0
1;42300;BANANAS;4862;22;;;;;4868;2;4869;20;;;4865.0;341.34375
1;42400;PEARLS;9996;2;9995;26;;;10002;2;10004;2;10005;26;9999.0;635.0
1;42400;BANANAS;4863;2;4862;26;;;4867;2;4869;28;;;4865.0;349.15625
1;42500;PEARLS;9995;24;;;;;10005;24;;;;;10000.0;638.0
1;42500;BANANAS;4862;24;;;;;4869;24;;;;;4865.5;342.765625
1;42600;PEARLS;9995;28;;;;;10005;28;;;;;10000.0;638.0
1;42600;BANANAS;4868;1;4862;28;;;4869;28;;;;;4868.5;346.40625
1;42700;PEARLS;9996;1;9995;23;;;10004;1;10005;23;;;10000.0;638.0
1;42700;BANANAS;4863;1;4862;23;;;4869;24;;;;;4866.0;352.3515625
1;42800;PEARLS;9995;29;;;;;10000;2;10005;29;;;9997.5;638.0
1;42800;BANANAS;4863;29;;;;;4869;29;;;;;4866.0;357.703125
1;42900;PEARLS;10002;5;9995;20;;;10005;20;;;;;10003.5;638.0
1;42900;BANANAS;4864;20;;;;;4870;20;;;;;4867.0;374.671875
1;43000;BANANAS;4863;27;;;;;4868;6;4870;27;;;4865.5;368.2890625
1;43000;PEARLS;9996;1;9995;26;;;10002;6;10004;1;10005;26;9999.0;640.0
1;43100;BANANAS;4866;4;4864;9;4863;25;4869;25;;;;;4867.5;358.171875
1;43100;PEARLS;9998;9;9996;1;9995;24;10004;1;10005;24;;;10001.0;640.0
1;43200;BANANAS;4862;31;;;;;4867;5;4869;31;;;4864.5;350.0859375
1;43200;PEARLS;9996;2;9995;29;;;10002;5;10004;2;10005;29;9999.0;640.0
1;43300;BANANAS;4867;1;4863;10;4862;20;4869;20;;;;;4868.0;346.984375
1;43300;PEARLS;9998;10;9995;20;;;10005;20;;;;;10001.5;649.0
1;43400;PEARLS;9996;2;9995;22;;;10004;2;10005;22;;;10000.0;649.0
1;43400;BANANAS;4862;24;;;;;4869;24;;;;;4865.5;349.796875
1;43500;PEARLS;9996;1;9995;24;;;10002;7;10004;1;10005;24;9999.0;649.0
1;43500;BANANAS;4862;25;;;;;4867;7;4869;25;;;4864.5;345.8046875
1;43600;PEARLS;9995;22;;;;;10002;5;10005;22;;;9998.5;649.0
1;43600;BANANAS;4862;22;;;;;4867;7;4869;22;;;4864.5;351.5078125
1;43700;PEARLS;9996;1;9995;29;;;10002;6;10004;1;10005;29;9999.0;649.0
1;43700;BANANAS;4862;30;;;;;4866;6;4868;30;;;4864.0;338.7109375
1;43800;PEARLS;9996;1;9995;22;;;10004;1;10005;22;;;10000.0;649.0
1;43800;BANANAS;4863;23;;;;;4870;23;;;;;4866.5;364.0625
1;43900;PEARLS;9996;2;9995;24;;;10002;2;10004;2;10005;24;9999.0;649.0
1;43900;BANANAS;4863;26;;;;;4864;1;4868;6;4870;26;4863.5;366.6640625
1;44000;PEARLS;10002;4;9998;10;9996;2;10004;2;10005;25;;;10003.0;649.0
1;44000;BANANAS;4864;10;4863;27;;;4865;1;4870;27;;;4864.5;368.9609375
1;44100;PEARLS;9996;2;9995;22;;;10004;2;10005;22;;;10000.0;655.0
1;44100;BANANAS;4864;2;4863;22;;;4870;24;;;;;4867.0;377.078125
1;44200;PEARLS;9995;24;;;;;10005;24;;;;;10000.0;655.0
1;44200;BANANAS;4863;24;;;;;4870;24;;;;;4866.5;372.25
1;44300;PEARLS;9996;2;9995;24;;;9998;2;10004;2;10005;24;9997.0;655.0
1;44300;BANANAS;4863;26;;;;;4870;26;;;;;4866.5;365.4765625
1;44400;PEARLS;9996;1;9995;25;;;10002;7;10004;1;10005;25;9999.0;659.0
1;44400;BANANAS;4863;26;;;;;4868;7;4870;26;;;4865.5;371.5625
1;44500;BANANAS;4863;30;;;;;4870;30;;;;;4866.5;373.6484375
1;44500;PEARLS;9995;30;;;;;10005;30;;;;;10000.0;659.0
1;44600;BANANAS;4864;22;;;;;4870;1;4871;21;;;4867.0;381.453125
1;44600;PEARLS;9996;1;9995;21;;;10004;1;10005;21;;;10000.0;659.0
1;44700;BANANAS;4869;1;4864;27;;;4871;27;;;;;4870.0;387.6328125
1;44700;PEARLS;9996;2;9995;25;;;10004;2;10005;25;;;10000.0;659.0
1;44800;BANANAS;4863;25;;;;;4870;25;;;;;4866.5;371.5078125
1;44800;PEARLS;9995;25;;;;;10005;25;;;;;10000.0;659.0
1;44900;BANANAS;4863;23;;;;;4869;2;4870;21;;;4866.0;366.671875
1;44900;PEARLS;9996;2;9995;21;;;10004;2;10005;21;;;10000.0;659.0
1;45000;BANANAS;4863;27;;;;;4870;28;;;;;4866.5;377.734375
1;45000;PEARLS;9996;1;9995;27;;;10004;1;10005;27;;;10000.0;659.0
1;45100;BANANAS;4864;27;;;;;4871;27;;;;;4867.5;383.984375
1;45100;PEARLS;9995;27;;;;;9998;1;10005;27;;;9996.5;659.0
1;45200;PEARLS;10002;1;9996;1;9995;20;10004;1;10005;20;;;10003.0;661.0
1;45200;BANANAS;4863;21;;;;;4864;1;4870;21;;;4863.5;373.96875
1;45300;BANANAS;4863;23;;;;;4864;1;4870;23;;;4863.5;376.671875
1;45300;PEARLS;9995;23;;;;;10005;23;;;;;10000.0;663.0
1;45400;PEARLS;9998;4;9995;25;;;10005;25;;;;;10001.5;663.0
1;45400;BANANAS;4864;4;4863;25;;;4870;25;;;;;4867.0;373.6875
1;45500;BANANAS;4863;21;;;;;4870;21;;;;;4866.5;376.625
1;45500;PEARLS;9996;1;9995;20;;;9998;3;10004;1;10005;20;9997.0;663.0
1;45600;PEARLS;9996;1;9995;23;;;10004;1;10005;23;;;10000.0;669.0
1;45600;BANANAS;4864;24;;;;;4870;1;4871;23;;;4867.0;387.5
1;45700;BANANAS;4864;2;4863;21;;;4870;23;;;;;4867.0;381.84375
1;45700;PEARLS;10002;1;9996;2;9995;21;10004;2;10005;21;;;10003.0;669.0
1;45800;PEARLS;10000;5;9998;7;9996;2;10004;2;10005;30;;;10002.0;671.0
1;45800;BANANAS;4864;32;;;;;4870;2;4871;30;;;4867.0;386.4296875
1;45900;BANANAS;4865;7;4864;26;;;4871;26;;;;;4868.0;395.0
1;45900;PEARLS;9998;8;9996;1;9995;25;10004;1;10005;25;;;10001.0;671.0
1;46000;PEARLS;9995;23;;;;;9998;1;10005;23;;;9996.5;671.0
1;46000;BANANAS;4864;23;;;;;4870;23;;;;;4867.0;384.203125
1;46100;BANANAS;4864;25;;;;;4870;25;;;;;4867.0;382.625
1;46100;PEARLS;9995;25;;;;;10005;25;;;;;10000.0;673.0
1;46200;PEARLS;9995;24;;;;;10005;24;;;;;10000.0;673.0
1;46200;BANANAS;4863;24;;;;;4870;24;;;;;4866.5;382.0078125
1;46300;BANANAS;4864;28;;;;;4870;2;4871;26;;;4867.0;388.3828125
1;46300;PEARLS;9996;2;9995;26;;;10004;2;10005;26;;;10000.0;673.0
1;46400;PEARLS;9995;24;;;;;10005;24;;;;;10000.0;673.0
1;46400;BANANAS;4869;1;4864;24;;;4871;24;;;;;4870.0;388.53125
1;46500;BANANAS;4864;30;;;;;4871;30;;;;;4867.5;392.4140625
1;46500;PEARLS;9996;1;9995;29;;;9998;1;10004;1;10005;29;9997.0;673.0
1;46600;PEARLS;9998;1;9995;28;;;10005;28;;;;;10001.5;675.0
1;46600;BANANAS;4869;1;4868;3;4865;1;4871;28;;;;;4870.0;395.171875
1;46700;PEARLS;9996;1;9995;29;;;10004;1;10005;29;;;10000.0;675.0
1;46700;BANANAS;4865;30;;;;;4871;30;;;;;4868.0;407.109375
1;46800;PEARLS;9995;25;;;;;10005;25;;;;;10000.0;675.0
1;46800;BANANAS;4865;25;;;;;4872;25;;;;;4868.5;411.3125
1;46900;PEARLS;9996;1;9995;29;;;10002;3;10004;1;10005;29;9999.0;675.0
1;46900;BANANAS;4865;30;;;;;4870;3;4872;30;;;4867.5;415.265625
1;47000;PEARLS;9996;1;9995;22;;;10004;1;10005;22;;;10000.0;675.0
1;47000;BANANAS;4865;23;;;;;4872;23;;;;;4868.5;415.9296875
1;47100;PEARLS;9995;22;;;;;9998;1;10005;22;;;9996.5;675.0
1;47100;BANANAS;4865;22;;;;;4872;22;;;;;4868.5;414.984375
1;47200;PEARLS;9996;2;9995;21;;;10004;2;10005;21;;;10000.0;677.0
1;47200;BANANAS;4870;1;4865;23;;;4871;2;4872;21;;;4870.5;409.2890625
1;47300;PEARLS;9995;21;;;;;10005;21;;;;;10000.0;677.0
1;47300;BANANAS;4864;21;;;;;4871;21;;;;;4867.5;403.3359375
1;47400;BANANAS;4865;8;4864;22;;;4871;22;;;;;4868.0;395.8515625
1;47400;PEARLS;9998;7;9995;22;;;10005;22;;;;;10001.5;677.0
1;47500;BANANAS;4864;22;;;;;4871;22;;;;;4867.5;401.40625
1;47500;PEARLS;9996;1;9995;21;;;9998;1;10004;1;10005;21;9997.0;677.0
1;47600;BANANAS;4865;5;4864;21;;;4871;21;;;;;4868.0;398.1875
1;47600;PEARLS;9998;5;9995;21;;;10005;21;;;;;10001.5;679.0
1;47700;BANANAS;4865;1;4864;23;;;4870;23;;;;;4867.5;394.7265625
1;47700;PEARLS;9998;1;9995;23;;;10005;23;;;;;10001.5;679.0
1;47800;PEARLS;9995;20;;;;;10005;20;;;;;10000.0;679.0
1;47800;BANANAS;4863;20;;;;;4870;20;;;;;4866.5;390.9140625
1;47900;PEARLS;9995;23;;;;;10005;23;;;;;10000.0;679.0
1;47900;BANANAS;4863;23;;;;;4870;23;;;;;4866.5;384.484375
1;48000;PEARLS;10002;2;9996;1;9995;26;10004;1;10005;26;;;10003.0;679.0
1;48000;BANANAS;4863;27;;;;;4868;1;4870;27;;;4865.5;387.953125
1;48100;PEARLS;9996;1;9995;29;;;10004;1;10005;29;;;10000.0;683.0
1;48100;BANANAS;4864;1;4863;29;;;4870;30;;;;;4867.0;392.828125
1;48200;PEARLS;9996;1;9995;26;;;10004;1;10005;26;;;10000.0;683.0
1;48200;BANANAS;4863;26;;;;;4870;27;;;;;4866.5;392.3125
1;48300;PEARLS;9998;4;9996;1;9995;20;10004;1;10005;20;;;10001.0;683.0
1;48300;BANANAS;4869;1;4865;4;4864;21;4870;21;;;;;4869.5;394.375
1;48400;PEARLS;9996;2;9995;30;;;10004;2;10005;30;;;10000.0;683.0
1;48400;BANANAS;4864;32;;;;;4871;32;;;;;4867.5;402.55859375
1;48500;PEARLS;9995;29;;;;;10005;29;;;;;10000.0;683.0
1;48500;BANANAS;4869;10;4864;29;;;4871;29;;;;;4870.0;403.36328125
1;48600;PEARLS;9996;1;9995;26;;;10004;1;10005;26;;;10000.0;683.0
1;48600;BANANAS;4865;1;4864;26;;;4871;27;;;;;4868.0;418.53515625
1;48700;PEARLS;9996;1;9995;22;;;10000;2;10004;1;10005;22;9998.0;683.0
1;48700;BANANAS;4864;23;;;;;4871;23;;;;;4867.5;418.0302734375
1;48800;PEARLS;9996;1;9995;28;;;10004;1;10005;28;;;10000.0;683.0
1;48800;BANANAS;4865;1;4864;28;;;4871;29;;;;;4868.0;418.326171875
1;48900;BANANAS;4865;21;;;;;4871;22;;;;;4868.0;419.1142578125
1;48900;PEARLS;9995;22;;;;;10005;22;;;;;10000.0;683.0
1;49000;BANANAS;4865;29;;;;;4871;1;4872;28;;;4868.0;419.6240234375
1;49000;PEARLS;9996;1;9995;28;;;10004;1;10005;28;;;10000.0;683.0
1;49100;BANANAS;4864;30;;;;;4871;30;;;;;4867.5;418.384765625
1;49100;PEARLS;9995;30;;;;;10005;30;;;;;10000.0;686.0
1;49200;BANANAS;4864;26;;;;;4871;26;;;;;4867.5;417.0634765625
1;49200;PEARLS;10002;3;9996;1;9995;25;10004;1;10005;25;;;10003.0;686.0
1;49300;BANANAS;4865;3;4864;29;;;4871;29;;;;;4868.0;417.525390625
1;49300;PEARLS;9998;3;9995;29;;;10005;29;;;;;10001.5;692.0
1;49400;BANANAS;4864;23;;;;;4871;23;;;;;4867.5;417.76171875
1;49400;PEARLS;9996;1;9995;22;;;10004;1;10005;22;;;10000.0;692.0
1;49500;BANANAS;4865;1;4864;24;;;4871;25;;;;;4868.0;418.29296875
1;49500;PEARLS;9996;1;9995;24;;;10004;1;10005;24;;;10000.0;692.0
1;49600;PEARLS;9996;2;9995;28;;;10000;3;10002;9;10004;2;9998.0;692.0
1;49600;BANANAS;4864;30;;;;;4869;9;4871;30;;;4866.5;417.087890625
1;49700;BANANAS;4869;1;4863;21;;;4870;21;;;;;4869.5;415.71484375
1;49700;PEARLS;9995;21;;;;;10005;21;;;;;10000.0;692.0
1;49800;BANANAS;4863;19;;;;;4868;7;4870;20;;;4865.5;414.0986328125
1;49800;PEARLS;9995;20;;;;;10002;7;10005;20;;;9998.5;692.0
1;49900;PEARLS;9996;1;9995;23;;;10004;1;10005;23;;;10000.0;692.0
1;49900;BANANAS;4863;24;;;;;4870;24;;;;;4866.5;414.33984375
1;50000;PEARLS;9996;2;9995;24;;;10002;5;10004;2;10005;24;9999.0;692.0
1;50000;BANANAS;4864;2;4863;24;;;4868;3;4870;26;;;4866.0;415.54296875
1;50100;BANANAS;4867;2;4864;24;;;4871;24;;;;;4869.0;417.892578125
1;50100;PEARLS;10002;4;9996;2;9995;22;10004;2;10005;22;;;10003.0;692.0
1;50200;BANANAS;4870;7;4865;29;;;4871;1;4872;28;;;4870.5;419.76953125
1;50200;PEARLS;9996;1;9995;28;;;10004;1;10005;28;;;10000.0;696.0
1;50300;PEARLS;9995;23;;;;;10005;23;;;;;10000.0;696.0
1;50300;BANANAS;4865;23;;;;;4872;23;;;;;4868.5;430.0
1;50400;PEARLS;9996;2;9995;21;;;10004;2;10005;21;;;10000.0;696.0
1;50400;BANANAS;4866;23;;;;;4872;2;4873;21;;;4869.0;428.52734375
1;50500;BANANAS;4867;7;4866;28;;;4873;28;;;;;4870.0;427.3984375
1;50500;PEARLS;10000;4;9998;7;9996;1;10004;1;10005;27;;;10002.0;696.0
1;50600;BANANAS;4871;1;4867;7;4866;24;4872;2;4873;22;;;4871.5;427.94921875
1;50600;PEARLS;9998;7;9996;2;9995;22;10000;5;10004;2;10005;22;9999.0;696.0
1;50700;PEARLS;9998;9;9995;20;;;10005;20;;;;;10001.5;696.0
1;50700;BANANAS;4867;9;4866;20;;;4873;20;;;;;4870.0;428.4375
1;50800;PEARLS;9998;7;9996;2;9995;26;10004;2;10005;26;;;10001.0;696.0
1;50800;BANANAS;4867;7;4866;28;;;4873;28;;;;;4870.0;428.5546875
1;50900;BANANAS;4867;1;4866;30;;;4873;30;;;;;4870.0;429.955078125
1;50900;PEARLS;9998;2;9995;30;;;10000;5;10005;30;;;9999.0;696.0
1;51000;BANANAS;4866;25;;;;;4872;25;;;;;4869.0;431.255859375
1;51000;PEARLS;9996;2;9995;23;;;10004;2;10005;23;;;10000.0;696.0
1;51100;PEARLS;9995;29;;;;;10002;1;10005;29;;;9998.5;696.0
1;51100;BANANAS;4865;29;;;;;4870;1;4872;29;;;4867.5;432.87890625
1;51200;PEARLS;9995;30;;;;;10005;30;;;;;10000.0;696.0
1;51200;BANANAS;4870;10;4865;30;;;4872;30;;;;;4871.0;431.822265625
1;51300;PEARLS;9996;2;9995;23;;;9998;5;10002;5;10004;2;9997.0;696.0
1;51300;BANANAS;4866;2;4865;23;;;4870;5;4872;25;;;4868.0;443.390625
1;51400;PEARLS;9996;1;9995;22;;;10004;1;10005;22;;;10000.0;706.0
1;51400;BANANAS;4866;1;4865;22;;;4872;23;;;;;4869.0;443.8828125
1;51500;PEARLS;9995;21;;;;;10005;21;;;;;10000.0;706.0
1;51500;BANANAS;4866;21;;;;;4873;21;;;;;4869.5;430.109375
1;51600;PEARLS;9996;2;9995;21;;;10002;5;10004;2;10005;21;9999.0;712.0
1;51600;BANANAS;4867;23;;;;;4872;5;4873;2;4874;21;4869.5;422.8671875
1;51700;PEARLS;9996;2;9995;30;;;10004;2;10005;30;;;10000.0;712.0
1;51700;BANANAS;4871;12;4867;2;4866;30;4873;32;;;;;4872.0;430.1640625
1;51800;PEARLS;9995;25;;;;;10005;25;;;;;10000.0;712.0
1;51800;BANANAS;4866;25;;;;;4873;25;;;;;4869.5;437.75
1;51900;BANANAS;4866;28;;;;;4872;2;4873;26;;;4869.0;446.765625
1;51900;PEARLS;9996;2;9995;26;;;10004;2;10005;26;;;10000.0;712.0
1;52000;BANANAS;4867;3;4866;21;;;4873;21;;;;;4870.0;436.984375
1;52000;PEARLS;9998;2;9995;21;;;10000;5;10005;21;;;9999.0;712.0
1;52100;BANANAS;4866;28;;;;;4873;28;;;;;4869.5;440.3359375
1;52100;PEARLS;9996;1;9995;27;;;10004;1;10005;27;;;10000.0;712.0
1;52200;BANANAS;4866;22;;;;;4871;1;4873;23;;;4868.5;446.5625
1;52200;PEARLS;9995;23;;;;;10005;23;;;;;10000.0;712.0
1;52300;PEARLS;9995;30;;;;;10005;30;;;;;10000.0;712.0
1;52300;BANANAS;4866;30;;;;;4873;30;;;;;4869.5;434.1328125
1;52400;PEARLS;10002;3;9996;1;9995;20;10004;1;10005;20;;;10003.0;712.0
1;52400;BANANAS;4866;21;;;;;4873;21;;;;;4869.5;441.734375
1;52500;PEARLS;9996;2;9995;25;;;10004;2;10005;25;;;10000.0;718.0
1;52500;BANANAS;4866;27;;;;;4873;27;;;;;4869.5;440.140625
1;52600;PEARLS;9996;1;9995;30;;;10004;1;10005;30;;;10000.0;718.0
1;52600;BANANAS;4867;31;;;;;4873;1;4874;30;;;4870.0;426.4765625
1;52700;PEARLS;9996;1;9995;24;;;10002;9;10004;1;10005;24;9999.0;718.0
1;52700;BANANAS;4867;1;4866;24;;;4871;8;4873;25;;;4869.0;434.21875
1;52800;PEARLS;9996;2;9995;26;;;10004;2;10005;26;;;10000.0;718.0
1;52800;BANANAS;4866;28;;;;;4867;8;4873;28;;;4866.5;444.078125
1;52900;PEARLS;9996;1;9995;26;;;10002;3;10004;1;10005;26;9999.0;718.0
1;52900;BANANAS;4867;27;;;;;4872;3;4873;1;4874;26;4869.5;424.7421875
1;53000;PEARLS;9996;1;9995;29;;;10004;1;10005;29;;;10000.0;718.0
1;53000;BANANAS;4867;30;;;;;4873;1;4874;29;;;4870.0;424.8125
1;53100;PEARLS;9996;2;9995;21;;;9998;5;10004;2;10005;21;9997.0;718.0
1;53100;BANANAS;4868;2;4867;21;;;4874;23;;;;;4871.0;415.0703125
1;53200;PEARLS;9995;23;;;;;10005;23;;;;;10000.0;728.0
1;53200;BANANAS;4873;1;4868;23;;;4875;23;;;;;4874.0;408.0703125
1;53300;PEARLS;9995;20;;;;;10005;20;;;;;10000.0;728.0
1;53300;BANANAS;4868;20;;;;;4875;20;;;;;4871.5;406.1171875
1;53400;BANANAS;4868;32;;;;;4874;32;;;;;4871.0;410.96875
1;53400;PEARLS;9996;2;9995;30;;;9998;1;10004;2;10005;30;9997.0;728.0
1;53500;BANANAS;4868;25;;;;;4873;7;4875;25;;;4870.5;398.046875
1;53500;PEARLS;9995;25;;;;;10002;7;10005;25;;;9998.5;730.0
1;53600;BANANAS;4868;23;;;;;4869;10;4875;23;;;4868.5;403.390625
1;53600;PEARLS;9998;2;9996;1;9995;22;10004;1;10005;22;;;10001.0;730.0
1;53700;BANANAS;4868;23;;;;;4875;23;;;;;4871.5;394.796875
1;53700;PEARLS;9995;23;;;;;10005;23;;;;;10000.0;730.0
1;53800;BANANAS;4869;8;4868;29;;;4875;29;;;;;4872.0;401.53125
1;53800;PEARLS;9998;8;9995;29;;;10005;29;;;;;10001.5;730.0
1;53900;BANANAS;4869;26;;;;;4873;8;4875;26;;;4871.0;391.8671875
1;53900;PEARLS;9996;1;9995;25;;;10000;4;10002;8;10004;1;9998.0;730.0
1;54000;BANANAS;4869;22;;;;;4872;5;4874;2;4875;1;4870.5;388.9296875
1;54000;PEARLS;9996;1;9995;21;;;10002;1;10004;1;10005;21;9999.0;730.0
1;54100;BANANAS;4869;22;;;;;4875;1;4876;21;;;4872.0;385.78125
1;54100;PEARLS;9996;1;9995;21;;;10004;1;10005;21;;;10000.0;730.0
1;54200;PEARLS;9996;1;9995;20;;;10004;1;10005;20;;;10000.0;736.0
1;54200;BANANAS;4869;20;;;;;4875;1;4876;20;;;4872.0;385.9609375
1;54300;BANANAS;4869;2;4868;26;;;4875;28;;;;;4872.0;394.8671875
1;54300;PEARLS;10002;1;9996;2;9995;26;10004;2;10005;26;;;10003.0;736.0
1;54400;PEARLS;9995;22;;;;;10005;22;;;;;10000.0;744.0
1;54400;BANANAS;4869;22;;;;;4876;22;;;;;4872.5;386.484375
1;54500;BANANAS;4869;29;;;;;4874;2;4876;29;;;4871.5;382.671875
1;54500;PEARLS;9996;2;9995;27;;;10002;2;10004;2;10005;27;9999.0;744.0
1;54600;PEARLS;10002;2;9996;1;9995;29;10004;1;10005;29;;;10003.0;744.0
1;54600;BANANAS;4869;30;;;;;4876;30;;;;;4872.5;383.34375
1;54700;BANANAS;4869;23;;;;;4875;1;4876;22;;;4872.0;387.5
1;54700;PEARLS;9996;1;9995;22;;;10004;1;10005;22;;;10000.0;748.0
1;54800;PEARLS;9996;2;9995;23;;;10004;2;10005;23;;;10000.0;754.0
1;54800;BANANAS;4870;2;4869;23;;;4876;25;;;;;4873.0;376.7890625
1;54900;BANANAS;4874;1;4869;24;;;4876;24;;;;;4875.0;382.1796875
1;54900;PEARLS;9996;2;9995;22;;;10004;2;10005;22;;;10000.0;754.0
1;55000;PEARLS;9996;2;9995;20;;;10004;2;10005;20;;;10000.0;754.0
1;55000;BANANAS;4869;22;;;;;4875;2;4876;20;;;4872.0;387.875
1;55100;BANANAS;4869;26;;;;;4875;26;;;;;4872.0;391.6171875
1;55100;PEARLS;9996;2;9995;24;;;10004;2;10005;24;;;10000.0;754.0
1;55200;PEARLS;9998;8;9996;1;9995;25;10004;1;10005;25;;;10001.0;754.0
1;55200;BANANAS;4870;7;4869;26;;;4875;1;4876;25;;;4872.5;388.53125
1;55300;BANANAS;4869;22;;;;;4874;4;4876;22;;;4871.5;378.8828125
1;55300;PEARLS;9995;22;;;;;10002;5;10005;22;;;9998.5;754.0
1;55400;PEARLS;9998;7;9996;1;9995;27;10004;1;10005;27;;;10001.0;754.0
1;55400;BANANAS;4870;8;4869;27;;;4876;28;;;;;4873.0;373.203125
1;55500;BANANAS;4870;24;;;;;4877;24;;;;;4873.5;362.875
1;55500;PEARLS;9996;2;9995;22;;;10004;2;10005;22;;;10000.0;754.0
1;55600;PEARLS;9995;23;;;;;10002;9;10005;23;;;9998.5;754.0
1;55600;BANANAS;4869;23;;;;;4874;9;4876;23;;;4871.5;375.984375
1;55700;PEARLS;9996;1;9995;21;;;10002;7;10004;1;10005;21;9999.0;754.0
1;55700;BANANAS;4870;1;4869;21;;;4874;7;4876;22;;;4872.0;377.296875
1;55800;PEARLS;9996;1;9995;25;;;10004;1;10005;25;;;10000.0;754.0
1;55800;BANANAS;4869;26;;;;;4875;1;4876;25;;;4872.0;389.203125
1;55900;PEARLS;9995;20;;;;;10005;20;;;;;10000.0;754.0
1;55900;BANANAS;4869;20;;;;;4872;1;4876;20;;;4870.5;379.1875
1;56000;PEARLS;10000;2;9996;1;9995;24;10002;6;10004;1;10005;24;10001.0;754.0
1;56000;BANANAS;4869;25;;;;;4874;6;4876;25;;;4871.5;381.546875
1;56100;PEARLS;9996;1;9995;27;;;9998;1;10002;3;10004;1;9997.0;754.0
1;56100;BANANAS;4870;1;4869;27;;;4874;3;4876;28;;;4872.0;376.8671875
1;56200;PEARLS;9996;1;9995;30;;;10000;4;10004;1;10005;30;9998.0;756.0
1;56200;BANANAS;4872;3;4870;1;4869;30;4876;31;;;;;4874.0;373.296875
1;56300;BANANAS;4869;28;;;;;4876;28;;;;;4872.5;373.046875
1;56300;PEARLS;9995;28;;;;;10005;28;;;;;10000.0;756.0
1;56400;BANANAS;4870;29;;;;;4876;29;;;;;4873.0;370.78125
1;56400;PEARLS;9996;2;9995;27;;;10004;2;10005;27;;;10000.0;756.0
1;56500;BANANAS;4869;21;;;;;4874;9;4876;21;;;4871.5;379.28125
1;56500;PEARLS;9995;21;;;;;10002;9;10005;21;;;9998.5;756.0
1;56600;BANANAS;4869;30;;;;;4874;2;4876;30;;;4871.5;380.6171875
1;56600;PEARLS;9996;2;9995;28;;;10002;2;10004;2;10005;28;9999.0;756.0
1;56700;PEARLS;9998;5;9995;27;;;10005;27;;;;;10001.5;756.0
1;56700;BANANAS;4870;6;4869;27;;;4876;27;;;;;4873.0;382.3984375
1;56800;PEARLS;9995;23;;;;;10005;23;;;;;10000.0;756.0
1;56800;BANANAS;4868;23;;;;;4875;23;;;;;4871.5;393.25
1;56900;PEARLS;9996;1;9995;20;;;10004;1;10005;20;;;10000.0;756.0
1;56900;BANANAS;4869;1;4868;20;;;4875;21;;;;;4872.0;396.765625
1;57000;PEARLS;9996;2;9995;20;;;10002;10;10004;2;10005;20;9999.0;756.0
1;57000;BANANAS;4869;22;;;;;4874;10;4875;2;4876;20;4871.5;385.8359375
1;57100;PEARLS;9998;6;9995;24;;;10005;24;;;;;10001.5;756.0
1;57100;BANANAS;4874;1;4870;7;4869;24;4876;24;;;;;4875.0;382.671875
1;57200;PEARLS;9998;5;9996;1;9995;25;10004;1;10005;25;;;10001.0;756.0
1;57200;BANANAS;4870;5;4869;26;;;4871;5;4872;2;4876;26;4870.5;380.09375
1;57300;PEARLS;9996;1;9995;30;;;10004;1;10005;30;;;10000.0;756.0
1;57300;BANANAS;4869;31;;;;;4876;31;;;;;4872.5;382.859375
1;57400;PEARLS;9996;1;9995;27;;;10004;1;10005;27;;;10000.0;756.0
1;57400;BANANAS;4869;28;;;;;4875;1;4876;27;;;4872.0;385.359375
1;57500;PEARLS;9995;21;;;;;10005;21;;;;;10000.0;756.0
1;57500;BANANAS;4869;21;;;;;4876;21;;;;;4872.5;382.7890625
1;57600;PEARLS;10000;4;9996;2;9995;20;10004;2;10005;20;;;10002.0;756.0
1;57600;BANANAS;4869;22;;;;;4875;22;;;;;4872.0;391.5859375
1;57700;PEARLS;9998;2;9996;1;9995;21;10004;1;10005;21;;;10001.0;756.0
1;57700;BANANAS;4870;2;4869;22;;;4875;22;;;;;4872.5;390.09375
1;57800;BANANAS;4869;28;;;;;4874;4;4875;2;4876;26;4871.5;385.71875
1;57800;PEARLS;9996;2;9995;26;;;10002;4;10004;2;10005;26;9999.0;756.0
1;57900;BANANAS;4869;28;;;;;4875;2;4876;26;;;4872.0;384.7890625
1;57900;PEARLS;9996;2;9995;26;;;10004;2;10005;26;;;10000.0;756.0
1;58000;BANANAS;4869;28;;;;;4876;28;;;;;4872.5;380.6171875
1;58000;PEARLS;9995;28;;;;;10005;28;;;;;10000.0;756.0
1;58100;BANANAS;4870;27;;;;;4876;20;;;;;4873.0;372.125
1;58100;PEARLS;9998;7;9995;20;;;10005;20;;;;;10001.5;756.0
1;58200;BANANAS;4869;29;;;;;4876;29;;;;;4872.5;380.234375
1;58200;PEARLS;9996;2;9995;27;;;10004;2;10005;27;;;10000.0;759.0
1;58300;BANANAS;4869;30;;;;;4875;2;4876;28;;;4872.0;389.09375
1;58300;PEARLS;9996;2;9995;28;;;10004;2;10005;28;;;10000.0;759.0
1;58400;BANANAS;4869;25;;;;;4876;25;;;;;4872.5;389.078125
1;58400;PEARLS;9995;25;;;;;10005;25;;;;;10000.0;759.0
1;58500;PEARLS;9998;3;9996;2;9995;20;10004;2;10005;20;;;10001.0;759.0
1;58500;BANANAS;4870;3;4869;22;;;4875;2;4876;20;;;4872.5;389.0625
1;58600;PEARLS;9996;1;9995;22;;;10004;1;10005;22;;;10000.0;759.0
1;58600;BANANAS;4870;1;4869;22;;;4876;23;;;;;4873.0;376.96875
1;58700;BANANAS;4870;1;4869;29;;;4876;30;;;;;4873.0;375.578125
1;58700;PEARLS;9996;1;9995;29;;;9998;1;10000;4;10004;1;9997.0;762.0
1;58800;BANANAS;4869;31;;;;;4876;31;;;;;4872.5;378.0390625
1;58800;PEARLS;9996;1;9995;30;;;10004;1;10005;30;;;10000.0;764.0
1;58900;PEARLS;9996;2;9995;23;;;10004;2;10005;23;;;10000.0;770.0
1;58900;BANANAS;4875;1;4873;2;4870;25;4876;2;4877;23;;;4875.5;367.515625
1;59000;PEARLS;9996;1;9995;23;;;10004;1;10005;23;;;10000.0;770.0
1;59000;BANANAS;4870;1;4869;23;;;4876;24;;;;;4873.0;374.640625
1;59100;BANANAS;4870;8;4869;21;;;4876;21;;;;;4873.0;381.65625
1;59100;PEARLS;9998;7;9996;1;9995;20;10004;1;10005;20;;;10001.0;770.0
1;59200;BANANAS;4869;25;;;;;4876;25;;;;;4872.5;381.515625
1;59200;PEARLS;10002;1;9996;2;9995;23;10004;2;10005;23;;;10003.0;770.0
1;59300;PEARLS;9998;5;9995;22;;;10005;22;;;;;10001.5;772.0
1;59300;BANANAS;4871;5;4870;22;;;4877;22;;;;;4874.0;367.9921875
1;59400;PEARLS;10002;1;9995;23;;;10005;23;;;;;10003.5;772.0
1;59400;BANANAS;4870;23;;;;;4877;23;;;;;4873.5;366.6640625
1;59500;BANANAS;4870;24;;;;;4877;24;;;;;4873.5;359.0859375
1;59500;PEARLS;9996;2;9995;22;;;10004;2;10005;22;;;10000.0;810.0
1;59600;BANANAS;4870;25;;;;;4876;1;4877;24;;;4873.0;369.2109375
1;59600;PEARLS;10002;1;9996;1;9995;24;10004;1;10005;24;;;10003.0;810.0
1;59700;PEARLS;9996;1;9995;25;;;10004;1;10005;25;;;10000.0;812.0
1;59700;BANANAS;4875;1;4870;26;;;4877;26;;;;;4876.0;360.4375
1;59800;PEARLS;9998;9;9996;2;9995;22;10004;2;10005;22;;;10001.0;812.0
1;59800;BANANAS;4871;9;4870;24;;;4877;24;;;;;4874.0;357.8125
1;59900;BANANAS;4871;25;;;;;4877;25;;;;;4874.0;350.8359375
1;59900;PEARLS;9996;2;9995;23;;;10004;2;10005;23;;;10000.0;812.0
1;60000;PEARLS;9996;1;9995;25;;;9998;3;10002;10;10004;1;9997.0;818.0
1;60000;BANANAS;4876;1;4871;26;;;4878;26;;;;;4877.0;341.421875
1;60100;PEARLS;9996;1;9995;27;;;10004;1;10005;27;;;10000.0;824.0
1;60100;BANANAS;4872;1;4871;27;;;4878;28;;;;;4875.0;333.59375
1;60200;PEARLS;9996;1;9995;25;;;10004;1;10005;25;;;10000.0;824.0
1;60200;BANANAS;4872;26;;;;;4878;1;4879;25;;;4875.0;328.625
1;60300;PEARLS;9998;3;9996;1;9995;23;10004;1;10005;23;;;10001.0;824.0
1;60300;BANANAS;4872;27;;;;;4878;24;;;;;4875.0;332.234375
1;60400;PEARLS;9996;2;9995;22;;;9998;1;10004;2;10005;22;9997.0;824.0
1;60400;BANANAS;4872;2;4871;22;;;4878;24;;;;;4875.0;335.578125
1;60500;PEARLS;9995;25;;;;;10000;2;10005;25;;;9997.5;847.0
1;60500;BANANAS;4872;25;;;;;4879;25;;;;;4875.5;329.0625
1;60600;PEARLS;9996;1;9995;21;;;10004;1;10005;21;;;10000.0;847.0
1;60600;BANANAS;4872;21;;;;;4878;22;;;;;4875.0;331.6328125
1;60700;PEARLS;9998;10;9995;24;;;10005;24;;;;;10001.5;871.0
1;60700;BANANAS;4873;9;4872;24;;;4879;24;;;;;4876.0;325.75
1;60800;BANANAS;4878;1;4873;2;4872;26;4879;28;;;;;4878.5;313.3046875
1;60800;PEARLS;9996;2;9995;26;;;10004;2;10005;26;;;10000.0;871.0
1;60900;BANANAS;4878;1;4873;10;4872;29;4879;29;;;;;4878.5;319.71875
1;60900;PEARLS;9998;10;9995;29;;;10005;29;;;;;10001.5;871.0
1;61000;BANANAS;4873;1;4872;25;;;4879;26;;;;;4876.0;315.6171875
1;61000;PEARLS;9996;1;9995;25;;;9998;1;10004;1;10005;25;9997.0;871.0
1;61100;PEARLS;9996;2;9995;29;;;10004;2;10005;29;;;10000.0;873.0
1;61100;BANANAS;4873;2;4872;29;;;4874;4;4879;31;;;4873.5;313.15625
1;61200;PEARLS;9998;1;9995;22;;;10005;22;;;;;10001.5;873.0
1;61200;BANANAS;4873;22;;;;;4880;22;;;;;4876.5;300.890625
1;61300;PEARLS;9995;27;;;;;10005;27;;;;;10000.0;873.0
1;61300;BANANAS;4873;27;;;;;4880;27;;;;;4876.5;302.9375
1;61400;PEARLS;9995;28;;;;;10005;28;;;;;10000.0;873.0
1;61400;BANANAS;4873;28;;;;;4880;28;;;;;4876.5;306.234375
1;61500;PEARLS;9998;4;9995;22;;;10005;22;;;;;10001.5;873.0
1;61500;BANANAS;4878;1;4873;4;4872;22;4879;22;;;;;4878.5;315.359375
1;61600;PEARLS;9996;1;9995;27;;;10004;1;10005;27;;;10000.0;873.0
1;61600;BANANAS;4872;28;;;;;4879;28;;;;;4875.5;322.90625
1;61700;PEARLS;9996;2;9995;21;;;10004;2;10005;21;;;10000.0;873.0
1;61700;BANANAS;4872;23;;;;;4878;2;4879;21;;;4875.0;325.1875
1;61800;PEARLS;9996;2;9995;24;;;10004;2;10005;24;;;10000.0;873.0
1;61800;BANANAS;4872;26;;;;;4873;1;4879;26;;;4872.5;320.625
1;61900;PEARLS;9995;28;;;;;10002;8;10005;28;;;9998.5;873.0
1;61900;BANANAS;4872;28;;;;;4877;8;4879;28;;;4874.5;312.546875
1;62000;PEARLS;9995;24;;;;;10005;24;;;;;10000.0;873.0
1;62000;BANANAS;4872;24;;;;;4879;24;;;;;4875.5;319.203125
1;62100;PEARLS;9996;2;9995;25;;;10002;3;10004;2;10005;25;9999.0;873.0
1;62100;BANANAS;4873;2;4872;25;;;4877;3;4879;27;;;4875.0;313.9765625
1;62200;PEARLS;9998;9;9996;2;9995;22;10004;2;10005;22;;;10001.0;873.0
1;62200;BANANAS;4873;33;;;;;4879;24;;;;;4876.0;312.4140625
1;62300;BANANAS;4873;21;;;;;4880;21;;;;;4876.5;303.4375
1;62300;PEARLS;9995;21;;;;;10005;21;;;;;10000.0;873.0
1;62400;BANANAS;4874;24;;;;;4880;24;;;;;4877.0;290.1328125
1;62400;PEARLS;9995;24;;;;;10005;24;;;;;10000.0;873.0
1;62500;BANANAS;4874;27;;;;;4881;27;;;;;4877.5;280.6953125
1;62500;PEARLS;9996;2;9995;25;;;10004;2;10005;25;;;10000.0;873.0
1;62600;BANANAS;4879;12;4875;6;4874;22;4881;22;;;;;4880.0;281.875
1;62600;PEARLS;9998;6;9996;1;9995;21;10004;1;10005;21;;;10001.0;873.0
1;62700;BANANAS;4875;4;4874;25;;;4881;25;;;;;4878.0;274.171875
1;62700;PEARLS;9998;3;9995;25;;;10005;25;;;;;10001.5;873.0
1;62800;BANANAS;4875;22;;;;;4882;22;;;;;4878.5;267.1328125
1;62800;PEARLS;9995;22;;;;;10005;22;;;;;10000.0;873.0
1;62900;BANANAS;4876;3;4875;22;;;4882;22;;;;;4879.0;262.875
1;62900;PEARLS;10002;11;9998;3;9996;2;10004;2;10005;20;;;10003.0;873.0
1;63000;PEARLS;9995;30;;;;;10005;30;;;;;10000.0;895.0
1;63000;BANANAS;4875;30;;;;;4882;30;;;;;4878.5;262.3984375
1;63100;BANANAS;4875;30;;;;;4882;30;;;;;4878.5;263.6484375
1;63100;PEARLS;9995;30;;;;;9998;1;10005;30;;;9996.5;895.0
1;63200;PEARLS;9996;1;9995;24;;;10004;1;10005;24;;;10000.0;897.0
1;63200;BANANAS;4875;1;4874;24;;;4881;25;;;;;4878.0;273.1953125
1;63300;BANANAS;4880;1;4875;30;;;4881;30;;;;;4880.5;270.96875
1;63300;PEARLS;10002;4;9995;30;;;10005;30;;;;;10003.5;897.0
1;63400;PEARLS;9996;2;9995;22;;;10004;2;10005;22;;;10000.0;905.0
1;63400;BANANAS;4875;24;;;;;4881;24;;;;;4878.0;270.515625
1;63500;BANANAS;4875;28;;;;;4878;4;4882;28;;;4876.5;268.78125
1;63500;PEARLS;9995;28;;;;;10005;28;;;;;10000.0;905.0
1;63600;PEARLS;9995;22;;;;;10005;22;;;;;10000.0;905.0
1;63600;BANANAS;4880;1;4874;22;;;4881;22;;;;;4880.5;276.765625
1;63700;BANANAS;4875;21;;;;;4879;7;4881;21;;;4877.0;272.3671875
1;63700;PEARLS;9995;21;;;;;10000;5;10002;7;10005;21;9997.5;905.0
1;63800;PEARLS;9996;1;9995;27;;;9998;1;10004;1;10005;27;9997.0;905.0
1;63800;BANANAS;4874;28;;;;;4881;28;;;;;4877.5;280.640625
1;63900;BANANAS;4874;22;;;;;4877;2;4881;22;;;4875.5;279.8984375
1;63900;PEARLS;9995;22;;;;;10000;2;10005;22;;;9997.5;907.0
1;64000;PEARLS;9995;30;;;;;9998;11;10002;10;10005;30;9996.5;907.0
1;64000;BANANAS;4874;30;;;;;4875;1;4879;10;4881;30;4874.5;281.796875
1;64100;BANANAS;4874;28;;;;;4879;4;4881;28;;;4876.5;281.515625
1;64100;PEARLS;9996;2;9995;26;;;10002;4;10004;2;10005;26;9999.0;929.0
1;64200;PEARLS;9996;2;9995;25;;;10004;2;10005;25;;;10000.0;929.0
1;64200;BANANAS;4874;27;;;;;4881;27;;;;;4877.5;279.34375
1;64300;BANANAS;4875;4;4874;22;;;4881;22;;;;;4878.0;280.21875
1;64300;PEARLS;9998;4;9996;2;9995;20;10004;2;10005;20;;;10001.0;929.0
1;64400;PEARLS;9996;2;9995;27;;;10004;2;10005;27;;;10000.0;929.0
1;64400;BANANAS;4874;29;;;;;4880;2;4881;27;;;4877.0;285.6171875
1;64500;PEARLS;9996;2;9995;20;;;10004;2;10005;20;;;10000.0;929.0
1;64500;BANANAS;4874;22;;;;;4880;2;4881;20;;;4877.0;287.84375
1;64600;PEARLS;9996;2;9995;27;;;10004;2;10005;27;;;10000.0;929.0
1;64600;BANANAS;4874;29;;;;;4880;2;4881;27;;;4877.0;286.3125
1;64700;PEARLS;10002;1;9996;1;9995;28;10004;1;10005;28;;;10003.0;932.0
1;64700;BANANAS;4874;29;;;;;4881;29;;;;;4877.5;283.0390625
1;64800;PEARLS;9996;1;9995;20;;;10004;1;10005;20;;;10000.0;934.0
1;64800;BANANAS;4874;21;;;;;4875;1;4881;21;;;4874.5;280.6015625
1;64900;PEARLS;9996;2;9995;30;;;9998;4;10002;10;10004;2;9997.0;934.0
1;64900;BANANAS;4875;32;;;;;4880;10;4881;2;4882;30;4877.5;268.34375
1;65000;PEARLS;9996;1;9995;26;;;10002;5;10004;1;10005;26;9999.0;942.0
1;65000;BANANAS;4875;27;;;;;4879;4;4881;27;;;4877.0;271.9296875
1;65100;PEARLS;9998;10;9996;1;9995;25;10004;1;10005;25;;;10001.0;942.0
1;65100;BANANAS;4875;11;4874;25;;;4881;26;;;;;4878.0;274.890625
1;65200;BANANAS;4874;28;;;;;4879;6;4880;1;4881;28;4876.5;284.765625
1;65200;PEARLS;9996;1;9995;28;;;10002;6;10004;1;10005;28;9999.0;942.0
1;65300;BANANAS;4874;29;;;;;4879;9;4881;29;;;4876.5;278.296875
1;65300;PEARLS;9995;29;;;;;10002;9;10005;29;;;9998.5;942.0
1;65400;BANANAS;4880;1;4875;10;4874;21;4881;21;;;;;4880.5;274.2890625
1;65400;PEARLS;9998;10;9995;21;;;10005;21;;;;;10001.5;942.0
1;65500;BANANAS;4874;20;;;;;4881;20;;;;;4877.5;272.8828125
1;65500;PEARLS;9995;20;;;;;10005;20;;;;;10000.0;942.0
1;65600;PEARLS;9998;3;9995;20;;;10005;20;;;;;10001.5;942.0
1;65600;BANANAS;4876;3;4875;20;;;4882;20;;;;;4879.0;263.8984375
1;65700;PEARLS;9995;24;;;;;10005;24;;;;;10000.0;942.0
1;65700;BANANAS;4875;23;;;;;4882;24;;;;;4878.5;263.453125
1;65800;PEARLS;10002;4;9995;30;;;10005;30;;;;;10003.5;942.0
1;65800;BANANAS;4875;30;;;;;4882;30;;;;;4878.5;260.953125
1;65900;PEARLS;9996;2;9995;24;;;10004;2;10005;24;;;10000.0;950.0
1;65900;BANANAS;4875;26;;;;;4882;26;;;;;4878.5;257.546875
1;66000;PEARLS;9996;1;9995;24;;;10004;1;10005;24;;;10000.0;950.0
1;66000;BANANAS;4878;6;4876;1;4875;24;4882;25;;;;;4880.0;257.0625
1;66100;PEARLS;9996;2;9995;23;;;10004;2;10005;23;;;10000.0;950.0
1;66100;BANANAS;4880;1;4875;25;;;4881;2;4882;23;;;4880.5;266.3046875
1;66200;PEARLS;10002;1;9996;1;9995;22;10004;1;10005;22;;;10003.0;956.0
1;66200;BANANAS;4875;1;4874;22;;;4881;23;;;;;4878.0;273.1484375
1;66300;PEARLS;10000;3;9995;20;;;10002;5;10005;20;;;10001.0;958.0
1;66300;BANANAS;4879;6;4874;20;;;4881;20;;;;;4880.0;273.1875
1;66400;PEARLS;9996;2;9995;24;;;10004;2;10005;24;;;10000.0;958.0
1;66400;BANANAS;4875;2;4874;24;;;4881;26;;;;;4878.0;275.9921875
1;66500;PEARLS;9996;1;9995;30;;;10004;1;10005;30;;;10000.0;958.0
1;66500;BANANAS;4879;1;4874;31;;;4880;1;4881;30;;;4879.5;288.546875
1;66600;PEARLS;10002;3;9998;1;9996;2;10004;2;10005;29;;;10003.0;958.0
1;66600;BANANAS;4877;1;4874;1;4873;31;4879;2;4880;29;;;4878.0;304.703125
1;66700;BANANAS;4877;2;4873;26;;;4879;1;4880;25;;;4878.0;305.5390625
1;66700;PEARLS;9996;1;9995;25;;;10004;1;10005;25;;;10000.0;964.0
1;66800;BANANAS;4872;26;;;;;4879;26;;;;;4875.5;318.65625
1;66800;PEARLS;9996;1;9995;25;;;10004;1;10005;25;;;10000.0;964.0
1;66900;BANANAS;4872;20;;;;;4879;20;;;;;4875.5;314.578125
1;66900;PEARLS;9995;20;;;;;10005;20;;;;;10000.0;964.0
1;67000;BANANAS;4873;25;;;;;4879;24;;;;;4876.0;312.125
1;67000;PEARLS;9998;1;9996;2;9995;22;10004;2;10005;22;;;10001.0;964.0
1;67100;BANANAS;4872;26;;;;;4879;26;;;;;4875.5;317.8828125
1;67100;PEARLS;9996;1;9995;25;;;10004;1;10005;25;;;10000.0;964.0
1;67200;BANANAS;4872;23;;;;;4879;23;;;;;4875.5;318.4375
1;67200;PEARLS;9995;23;;;;;10005;23;;;;;10000.0;964.0
1;67300;BANANAS;4872;21;;;;;4873;8;4879;22;;;4872.5;315.765625
1;67300;PEARLS;9996;1;9995;21;;;10004;1;10005;21;;;10000.0;964.0
1;67400;BANANAS;4872;29;;;;;4879;29;;;;;4875.5;320.71875
1;67400;PEARLS;9996;1;9995;28;;;10004;1;10005;28;;;10000.0;964.0
1;67500;PEARLS;9995;22;;;;;10005;22;;;;;10000.0;979.0
1;67500;BANANAS;4872;22;;;;;4879;22;;;;;4875.5;321.8984375
1;67600;PEARLS;9996;1;9995;25;;;10004;1;10005;25;;;10000.0;979.0
1;67600;BANANAS;4872;26;;;;;4878;1;4879;25;;;4875.0;325.828125
1;67700;BANANAS;4872;23;;;;;4879;23;;;;;4875.5;321.5
1;67700;PEARLS;9996;2;9995;21;;;10000;3;10004;2;10005;21;9998.0;979.0
1;67800;BANANAS;4872;32;;;;;4879;32;;;;;4875.5;319.5
1;67800;PEARLS;9996;2;9995;30;;;10004;2;10005;30;;;10000.0;979.0
1;67900;PEARLS;9995;26;;;;;10005;26;;;;;10000.0;985.0
1;67900;BANANAS;4872;26;;;;;4879;26;;;;;4875.5;320.890625
1;68000;PEARLS;9995;25;;;;;10002;5;10005;25;;;9998.5;985.0
1;68000;BANANAS;4873;25;;;;;4878;5;4880;25;;;4875.5;306.8984375
1;68100;BANANAS;4873;27;;;;;4878;8;4879;1;4880;26;4875.5;309.1953125
1;68100;PEARLS;9996;1;9995;26;;;10002;8;10004;1;10005;26;9999.0;985.0
1;68200;BANANAS;4873;24;;;;;4875;2;4880;24;;;4874.0;301.3515625
1;68200;PEARLS;9996;1;9995;23;;;9998;1;10004;1;10005;23;9997.0;985.0
1;68300;PEARLS;9996;1;9995;25;;;10002;4;10004;1;10005;25;9999.0;987.0
1;68300;BANANAS;4873;26;;;;;4874;8;4878;4;4880;26;4873.5;303.96875
1;68400;PEARLS;10002;1;9996;1;9995;30;10004;1;10005;30;;;10003.0;987.0
1;68400;BANANAS;4873;31;;;;;4880;31;;;;;4876.5;298.7421875
1;68500;BANANAS;4878;1;4873;23;;;4879;23;;;;;4878.5;312.0546875
1;68500;PEARLS;9996;1;9995;22;;;10004;1;10005;22;;;10000.0;989.0
1;68600;BANANAS;4873;27;;;;;4880;27;;;;;4876.5;297.7109375
1;68600;PEARLS;9995;27;;;;;9998;1;10005;27;;;9996.5;992.0
1;68700;PEARLS;9998;10;9996;2;9995;20;10004;2;10005;20;;;10001.0;994.0
1;68700;BANANAS;4874;12;4873;20;;;4880;22;;;;;4877.0;296.21875
1;68800;PEARLS;9996;1;9995;30;;;10000;6;10002;1;10004;1;9998.0;994.0
1;68800;BANANAS;4873;31;;;;;4878;1;4880;31;;;4875.5;298.9375
1;68900;PEARLS;9998;3;9996;2;9995;23;10004;2;10005;23;;;10001.0;994.0
1;68900;BANANAS;4878;4;4875;3;4874;25;4880;2;4881;23;;;4879.0;287.140625
1;69000;PEARLS;9996;1;9995;27;;;10004;1;10005;27;;;10000.0;994.0
1;69000;BANANAS;4875;1;4874;27;;;4881;28;;;;;4878.0;275.6953125
1;69100;PEARLS;9996;1;9995;25;;;10004;1;10005;25;;;10000.0;994.0
1;69100;BANANAS;4874;26;;;;;4880;1;4881;25;;;4877.0;287.09375
1;69200;PEARLS;9996;1;9995;20;;;10002;8;10004;1;10005;20;9999.0;994.0
1;69200;BANANAS;4874;21;;;;;4879;8;4881;21;;;4876.5;280.4453125
1;69300;PEARLS;9996;1;9995;23;;;10004;1;10005;23;;;10000.0;994.0
1;69300;BANANAS;4874;24;;;;;4877;6;4881;24;;;4875.5;282.8125
1;69400;PEARLS;9995;22;;;;;10005;22;;;;;10000.0;994.0
1;69400;BANANAS;4874;22;;;;;4881;22;;;;;4877.5;283.046875
1;69500;PEARLS;9996;1;9995;30;;;10002;8;10004;1;10005;30;9999.0;994.0
1;69500;BANANAS;4874;31;;;;;4879;8;4880;1;4881;30;4876.5;287.9609375
1;69600;BANANAS;4874;27;;;;;4880;27;;;;;4877.0;292.359375
1;69600;PEARLS;9996;2;9995;25;;;10004;2;10005;25;;;10000.0;994.0
1;69700;BANANAS;4873;26;;;;;4880;26;;;;;4876.5;300.6484375
1;69700;PEARLS;10002;1;9996;2;9995;24;10004;2;10005;24;;;10003.0;994.0
1;69800;BANANAS;4873;23;;;;;4874;1;4880;23;;;4873.5;301.28125
1;69800;PEARLS;9996;1;9995;22;;;10004;1;10005;22;;;10000.0;996.0
1;69900;BANANAS;4874;10;4873;26;;;4880;26;;;;;4877.0;298.0390625
1;69900;PEARLS;10002;1;9998;10;9996;2;10004;2;10005;24;;;10003.0;996.0
1;70000;PEARLS;9996;2;9995;28;;;10004;2;10005;28;;;10000.0;998.0
1;70000;BANANAS;4874;2;4873;28;;;4880;30;;;;;4877.0;294.2109375
1;70100;PEARLS;10002;1;9995;27;;;10005;27;;;;;10003.5;998.0
1;70100;BANANAS;4874;26;;;;;4880;27;;;;;4877.0;292.375
1;70200;PEARLS;9996;2;9995;28;;;10004;2;10005;28;;;10000.0;1000.0
1;70200;BANANAS;4874;30;;;;;4880;30;;;;;4877.0;291.890625
1;70300;PEARLS;9998;10;9996;1;9995;24;10004;1;10005;24;;;10001.0;1000.0
1;70300;BANANAS;4875;10;4874;25;;;4880;1;4881;24;;;4877.5;289.2890625
1;70400;PEARLS;10002;13;9996;2;9995;29;10004;2;10005;29;;;10003.0;1003.0
1;70400;BANANAS;4874;2;4873;29;;;4880;31;;;;;4877.0;293.0390625
1;70500;PEARLS;10002;1;9995;21;;;10005;21;;;;;10003.5;1029.0
1;70500;BANANAS;4877;4;4874;21;;;4880;21;;;;;4878.5;290.15625
1;70600;PEARLS;10002;1;10000;3;9996;1;10004;1;10005;22;;;10003.0;1031.0
1;70600;BANANAS;4874;23;;;;;4875;1;4881;23;;;4874.5;280.4453125
1;70700;PEARLS;9995;27;;;;;10005;27;;;;;10000.0;1033.0
1;70700;BANANAS;4874;27;;;;;4881;27;;;;;4877.5;283.4140625
1;70800;PEARLS;9996;2;9995;20;;;9998;5;10002;8;10004;2;9997.0;1036.0
1;70800;BANANAS;4874;22;;;;;4878;8;4880;22;;;4876.0;291.6875
1;70900;PEARLS;9995;21;;;;;10005;21;;;;;10000.0;1046.0
1;70900;BANANAS;4874;20;;;;;4880;21;;;;;4877.0;291.3125
1;71000;PEARLS;9996;2;9995;28;;;9998;3;10004;2;10005;28;9997.0;1046.0
1;71000;BANANAS;4874;10;4873;28;;;4880;30;;;;;4877.0;295.7734375
1;71100;BANANAS;4875;4;4874;30;;;4880;30;;;;;4877.5;291.359375
1;71100;PEARLS;9998;4;9995;30;;;10005;30;;;;;10001.5;1052.0
1;71200;BANANAS;4874;1;4873;27;;;4880;28;;;;;4877.0;297.09375
1;71200;PEARLS;9996;1;9995;27;;;9998;1;10004;1;10005;27;9997.0;1052.0
1;71300;BANANAS;4873;30;;;;;4879;2;4880;28;;;4876.0;304.7421875
1;71300;PEARLS;9996;2;9995;28;;;10004;2;10005;28;;;10000.0;1054.0
1;71400;BANANAS;4873;27;;;;;4879;2;4880;25;;;4876.0;306.171875
1;71400;PEARLS;10002;2;9996;2;9995;25;10004;2;10005;25;;;10003.0;1054.0
1;71500;BANANAS;4873;26;;;;;4880;26;;;;;4876.5;308.640625
1;71500;PEARLS;9995;26;;;;;10005;26;;;;;10000.0;1070.0
1;71600;BANANAS;4874;9;4873;29;;;4880;31;;;;;4877.0;294.4765625
1;71600;PEARLS;9998;7;9996;2;9995;29;10004;2;10005;29;;;10001.0;1070.0
1;71700;BANANAS;4873;26;;;;;4879;1;4880;25;;;4876.0;307.453125
1;71700;PEARLS;9996;1;9995;25;;;9998;1;10004;1;10005;25;9997.0;1070.0
1;71800;BANANAS;4873;22;;;;;4880;22;;;;;4876.5;301.25
1;71800;PEARLS;9995;22;;;;;9998;1;10005;22;;;9996.5;1075.0
1;71900;BANANAS;4874;30;;;;;4875;1;4880;30;;;4874.5;290.453125
1;71900;PEARLS;9996;2;9995;28;;;10004;2;10005;28;;;10000.0;1077.0
1;72000;PEARLS;9998;2;9996;1;9995;23;10004;1;10005;23;;;10001.0;1077.0
1;72000;BANANAS;4877;6;4875;3;4874;23;4881;24;;;;;4879.0;275.1015625
1;72100;BANANAS;4875;2;4874;24;;;4881;26;;;;;4878.0;277.234375
1;72100;PEARLS;9996;2;9995;24;;;9998;1;10004;2;10005;24;9997.0;1077.0
1;72200;PEARLS;9995;25;;;;;9998;1;10005;25;;;9996.5;1079.0
1;72200;BANANAS;4874;25;;;;;4881;25;;;;;4877.5;278.1171875
1;72300;BANANAS;4875;1;4874;22;;;4881;23;;;;;4878.0;276.671875
1;72300;PEARLS;9996;1;9995;22;;;10004;1;10005;22;;;10000.0;1081.0
1;72400;PEARLS;9995;25;;;;;10005;25;;;;;10000.0;1081.0
1;72400;BANANAS;4874;25;;;;;4881;25;;;;;4877.5;278.5703125
1;72500;BANANAS;4875;22;;;;;4882;22;;;;;4878.5;259.828125
1;72500;PEARLS;10000;4;9996;2;9995;20;10004;2;10005;20;;;10002.0;1081.0
1;72600;PEARLS;9998;8;9995;28;;;10005;28;;;;;10001.5;1081.0
1;72600;BANANAS;4880;4;4876;36;;;4882;28;;;;;4881.0;252.109375
1;72700;BANANAS;4876;28;;;;;4883;28;;;;;4879.5;244.21875
1;72700;PEARLS;9995;28;;;;;10005;28;;;;;10000.0;1081.0
1;72800;PEARLS;9996;2;9995;27;;;10004;2;10005;27;;;10000.0;1081.0
1;72800;BANANAS;4876;29;;;;;4883;29;;;;;4879.5;241.7734375
1;72900;BANANAS;4876;23;;;;;4881;4;4883;23;;;4878.5;238.3515625
1;72900;PEARLS;9996;1;9995;22;;;10002;4;10004;1;10005;22;9999.0;1081.0
1;73000;PEARLS;9995;21;;;;;10005;21;;;;;10000.0;1081.0
1;73000;BANANAS;4876;21;;;;;4883;21;;;;;4879.5;233.203125
1;73100;BANANAS;4877;28;;;;;4880;2;4882;7;4884;28;4878.5;222.9140625
1;73100;PEARLS;9996;1;9995;27;;;10002;7;10004;1;10005;27;9999.0;1081.0
1;73200;PEARLS;9996;1;9995;23;;;10002;7;10004;1;10005;23;9999.0;1081.0
1;73200;BANANAS;4878;1;4877;23;;;4882;7;4884;24;;;4880.0;216.296875
1;73300;BANANAS;4877;25;;;;;4884;25;;;;;4880.5;221.703125
1;73300;PEARLS;9996;2;9995;23;;;10004;2;10005;23;;;10000.0;1081.0
1;73400;PEARLS;9995;30;;;;;10002;6;10005;30;;;9998.5;1081.0
1;73400;BANANAS;4877;30;;;;;4882;7;4884;30;;;4879.5;214.2421875
1;73500;PEARLS;9998;6;9996;1;9995;24;10004;1;10005;24;;;10001.0;1081.0
1;73500;BANANAS;4882;12;4878;7;4877;24;4884;25;;;;;4883.0;216.609375
1;73600;PEARLS;9995;30;;;;;9998;1;10005;30;;;9996.5;1081.0
1;73600;BANANAS;4877;30;;;;;4884;30;;;;;4880.5;214.1953125
1;73700;PEARLS;10002;4;9995;25;;;10005;25;;;;;10003.5;1089.0
1;73700;BANANAS;4878;25;;;;;4885;25;;;;;4881.5;199.015625
1;73800;PEARLS;9998;1;9996;1;9995;21;10004;1;10005;21;;;10001.0;1097.0
1;73800;BANANAS;4878;2;4877;21;;;4884;22;;;;;4881.0;215.8125
1;73900;PEARLS;9995;27;;;;;10005;27;;;;;10000.0;1097.0
1;73900;BANANAS;4878;27;;;;;4884;27;;;;;4881.0;211.625
1;74000;PEARLS;10000;5;9996;2;9995;27;10004;2;10005;27;;;10002.0;1103.0
1;74000;BANANAS;4877;29;;;;;4878;2;4884;29;;;4877.5;224.15625
1;74100;BANANAS;4878;5;4877;24;;;4883;1;4884;23;;;4880.5;227.375
1;74100;PEARLS;9998;5;9996;1;9995;23;10004;1;10005;23;;;10001.0;1103.0
1;74200;BANANAS;4877;31;;;;;4882;1;4883;1;4884;30;4879.5;228.7421875
1;74200;PEARLS;9996;1;9995;30;;;10002;1;10004;1;10005;30;9999.0;1103.0
1;74300;BANANAS;4882;1;4878;7;4877;27;4883;1;4884;26;;;4882.5;226.53125
1;74300;PEARLS;9998;6;9996;1;9995;26;10004;1;10005;26;;;10001.0;1103.0
1;74400;BANANAS;4877;23;;;;;4883;2;4884;21;;;4880.0;225.6875
1;74400;PEARLS;9996;2;9995;21;;;10004;2;10005;21;;;10000.0;1106.0
1;74500;PEARLS;9996;2;9995;24;;;10004;2;10005;24;;;10000.0;1106.0
1;74500;BANANAS;4883;1;4882;1;4877;26;4884;26;;;;;4883.5;219.546875
1;74600;PEARLS;9996;2;9995;27;;;9998;2;10004;2;10005;27;9997.0;1106.0
1;74600;BANANAS;4877;29;;;;;4884;29;;;;;4880.5;220.84375
1;74700;PEARLS;9996;1;9995;26;;;10004;1;10005;26;;;10000.0;1110.0
1;74700;BANANAS;4877;27;;;;;4880;6;4883;1;4884;26;4878.5;227.765625
1;74800;PEARLS;9996;2;9995;24;;;10004;2;10005;24;;;10000.0;1110.0
1;74800;BANANAS;4877;2;4876;24;;;4883;26;;;;;4880.0;233.234375
1;74900;PEARLS;9996;1;9995;27;;;10004;1;10005;27;;;10000.0;1110.0
1;74900;BANANAS;4877;1;4876;27;;;4883;28;;;;;4880.0;233.4296875
1;75000;PEARLS;9996;1;9995;21;;;9998;4;10004;1;10005;21;9997.0;1110.0
1;75000;BANANAS;4877;22;;;;;4884;22;;;;;4880.5;221.015625
1;75100;PEARLS;9996;2;9995;26;;;10002;8;10004;2;10005;26;9999.0;1121.0
1;75100;BANANAS;4877;28;;;;;4881;8;4883;28;;;4879.0;230.578125
1;75200;PEARLS;9996;1;9995;30;;;10004;1;10005;30;;;10000.0;1121.0
1;75200;BANANAS;4877;31;;;;;4880;6;4883;1;4884;30;4878.5;229.46875
1;75300;PEARLS;9998;7;9996;1;9995;26;10004;1;10005;26;;;10001.0;1121.0
1;75300;BANANAS;4877;8;4876;26;;;4883;27;;;;;4880.0;234.5546875
1;75400;PEARLS;9995;25;;;;;10005;25;;;;;10000.0;1121.0
1;75400;BANANAS;4876;25;;;;;4883;25;;;;;4879.5;242.6484375
1;75500;PEARLS;9996;1;9995;22;;;10004;1;10005;22;;;10000.0;1121.0
1;75500;BANANAS;4877;1;4876;22;;;4883;23;;;;;4880.0;235.59375
1;75600;BANANAS;4877;2;4876;23;;;4883;25;;;;;4880.0;234.5625
1;75600;PEARLS;9996;2;9995;23;;;9998;9;10004;2;10005;23;9997.0;1124.0
1;75700;BANANAS;4882;1;4877;27;;;4883;27;;;;;4882.5;231.8125
1;75700;PEARLS;9996;2;9995;25;;;10004;2;10005;25;;;10000.0;1134.0
1;75800;BANANAS;4876;28;;;;;4881;2;4883;28;;;4878.5;237.671875
1;75800;PEARLS;9996;2;9995;26;;;10002;3;10004;2;10005;26;9999.0;1140.0
1;75900;BANANAS;4877;2;4876;22;;;4878;3;4883;24;;;4877.5;232.625
1;75900;PEARLS;9996;2;9995;22;;;10004;2;10005;22;;;10000.0;1140.0
1;76000;BANANAS;4878;8;4877;31;;;4884;31;;;;;4881.0;223.515625
1;76000;PEARLS;9998;8;9996;1;9995;30;10004;1;10005;30;;;10001.0;1140.0
1;76100;BANANAS;4877;28;;;;;4884;28;;;;;4880.5;221.0703125
1;76100;PEARLS;10002;1;9995;28;;;10005;28;;;;;10003.5;1140.0
1;76200;BANANAS;4878;9;4877;28;;;4884;28;;;;;4881.0;215.546875
1;76200;PEARLS;9998;9;9995;28;;;10005;28;;;;;10001.5;1142.0
1;76300;BANANAS;4878;8;4877;21;;;4884;22;;;;;4881.0;215.046875
1;76300;PEARLS;9998;7;9996;1;9995;21;10004;1;10005;21;;;10001.0;1142.0
1;76400;BANANAS;4877;28;;;;;4884;28;;;;;4880.5;218.859375
1;76400;PEARLS;9995;28;;;;;10005;28;;;;;10000.0;1142.0
1;76500;PEARLS;10000;2;9995;28;;;10005;28;;;;;10002.5;1142.0
1;76500;BANANAS;4877;28;;;;;4884;28;;;;;4880.5;222.9609375
1;76600;PEARLS;9995;29;;;;;10005;29;;;;;10000.0;1142.0
1;76600;BANANAS;4877;29;;;;;4884;29;;;;;4880.5;226.796875
1;76700;BANANAS;4880;2;4878;9;4877;31;4884;31;;;;;4882.0;220.2890625
1;76700;PEARLS;9998;9;9996;1;9995;30;10004;1;10005;30;;;10001.0;1142.0
1;76800;BANANAS;4877;25;;;;;4882;6;4884;25;;;4879.5;228.59375
1;76800;PEARLS;9995;25;;;;;10002;6;10005;25;;;9998.5;1142.0
1;76900;PEARLS;9998;3;9996;2;9995;27;10004;2;10005;27;;;10001.0;1142.0
1;76900;BANANAS;4878;2;4877;29;;;4883;2;4884;27;;;4880.5;226.203125
1;77000;PEARLS;9995;28;;;;;10005;28;;;;;10000.0;1142.0
1;77000;BANANAS;4877;28;;;;;4884;28;;;;;4880.5;224.09375
1;77100;BANANAS;4877;10;4876;22;;;4883;22;;;;;4880.0;240.1796875
1;77100;PEARLS;9998;10;9995;22;;;10005;22;;;;;10001.5;1142.0
1;77200;BANANAS;4877;30;;;;;4883;30;;;;;4880.0;231.328125
1;77200;PEARLS;9995;30;;;;;10005;30;;;;;10000.0;1142.0
1;77300;PEARLS;9998;4;9996;1;9995;25;10004;1;10005;25;;;10001.0;1142.0
1;77300;BANANAS;4878;3;4877;26;;;4884;26;;;;;4881.0;219.65625
1;77400;PEARLS;9996;2;9995;27;;;10004;2;10005;27;;;10000.0;1142.0
1;77400;BANANAS;4878;29;;;;;4884;29;;;;;4881.0;211.25
1;77500;BANANAS;4879;1;4878;23;;;4885;24;;;;;4882.0;196.1171875
1;77500;PEARLS;9996;1;9995;23;;;10004;1;10005;23;;;10000.0;1142.0
1;77600;BANANAS;4880;3;4879;30;;;4886;30;;;;;4883.0;178.1015625
1;77600;PEARLS;9998;3;9995;30;;;10005;30;;;;;10001.5;1142.0
1;77700;PEARLS;10002;1;9996;1;9995;30;10004;1;10005;30;;;10003.0;1142.0
1;77700;BANANAS;4880;1;4879;30;;;4886;31;;;;;4883.0;176.8671875
1;77800;PEARLS;9998;2;9996;2;9995;29;10004;2;10005;29;;;10001.0;1144.0
1;77800;BANANAS;4880;4;4879;29;;;4886;31;;;;;4883.0;175.78125
1;77900;PEARLS;9996;2;9995;24;;;9998;1;10002;7;10004;2;9997.0;1144.0
1;77900;BANANAS;4880;26;;;;;4885;6;4887;26;;;4882.5;162.4921875
1;78000;PEARLS;9995;21;;;;;10005;21;;;;;10000.0;1146.0
1;78000;BANANAS;4880;21;;;;;4887;21;;;;;4883.5;160.4140625
1;78100;PEARLS;9995;24;;;;;10005;24;;;;;10000.0;1146.0
1;78100;BANANAS;4880;24;;;;;4881;1;4887;24;;;4880.5;157.7890625
1;78200;PEARLS;10002;1;9995;24;;;10005;24;;;;;10003.5;1146.0
1;78200;BANANAS;4886;1;4881;24;;;4887;24;;;;;4886.5;151.2734375
1;78300;PEARLS;9995;25;;;;;10005;25;;;;;10000.0;1148.0
1;78300;BANANAS;4880;25;;;;;4887;25;;;;;4883.5;161.59375
1;78400;PEARLS;9995;25;;;;;10005;25;;;;;10000.0;1148.0
1;78400;BANANAS;4880;25;;;;;4886;25;;;;;4883.0;170.265625
1;78500;BANANAS;4880;25;;;;;4886;25;;;;;4883.0;170.59375
1;78500;PEARLS;9996;2;9995;23;;;10004;2;10005;23;;;10000.0;1148.0
1;78600;BANANAS;4880;25;;;;;4885;5;4886;25;;;4882.5;169.6640625
1;78600;PEARLS;9996;2;9995;23;;;10002;5;10004;2;10005;23;9999.0;1157.0
1;78700;BANANAS;4880;26;;;;;4886;1;4887;25;;;4883.0;168.8515625
1;78700;PEARLS;9996;1;9995;25;;;10004;1;10005;25;;;10000.0;1157.0
1;78800;BANANAS;4884;3;4880;29;;;4886;29;;;;;4885.0;169.6796875
1;78800;PEARLS;9995;29;;;;;10005;29;;;;;10000.0;1163.0
1;78900;PEARLS;9996;1;9995;25;;;9998;1;10004;1;10005;25;9997.0;1163.0
1;78900;BANANAS;4880;26;;;;;4887;26;;;;;4883.5;160.1015625
1;79000;PEARLS;9996;1;9995;21;;;10004;1;10005;21;;;10000.0;1165.0
1;79000;BANANAS;4880;22;;;;;4886;1;4887;21;;;4883.0;168.7734375
1;79100;PEARLS;9995;20;;;;;9998;5;10005;20;;;9996.5;1165.0
1;79100;BANANAS;4879;20;;;;;4886;20;;;;;4882.5;177.15625
